2858 5010
630 281 841 344 ..92-

233 459 337 519 Paron.
359 459 393 517 in
414 459 475 518 fine
494 458 586 517 trooh.
610 460 682 535 sept.
716 457 825 521 Pseud.
849 459 919 518 653.
943 459 998 517 54:

148 580 209 640 Sed
230 579 304 657 quid
325 578 445 639 esttibi
466 572 596 638 ndmen'?
626 612 665 621 -
693 577 823 656 Harpax.
847 610 885 619 —
909 571 1021 656 'Apage
1042 584 1083 655 te,
1104 578 1328 657 Hoipor.·.hai
1359 574 1364 585 ¹

32 736 35 741 .
937 683 1027 742 laoea

147 785 358 864 Hio'quidem
379 785 479 846 horole
501 785 590 845 haud.
602 785 660 845 ibis
681 786 769 861 intro,
790 787 830 845 nd
852 700 1214 864 quidpiusipopojfaerts.

232 906 411 983 Polyptoton
438 907 471 965 in
504 906 599 983 primo
626 906 690 966 colo
714 910 784 993 post
811 923 979 966 caesuram:
1006 906 1115 968 Pseud.
1146 911 1237 969 1013.
1271 915 1326 987 143

146 1010 265 1089 Phorm.
289 1012 360 1070 264.
384 1011 439 1070 65:

282 1129 433 1190 -Saittem
454 1128 594 1207 scriptam
615 1128 767 1205 dipouonst
788 1128 888 1206 digitio
910 1132 1042 1192 mittere:

300 1232 343 1293 Te
364 1226 583 1293 si'arbitrarem
604 1232 737 1309 dignuin,
760 1233 909 1293 misissem
930 1234 992 1295 tibi.

299 1336 376 1396 Eoos
397 1339 498 1396 etitem
519 1335 629 1396 similia
650 1337 772 1396 imam:
795 1356 897 1397 ommes
918 1342 1101 1414 odngruunt:

298 1440 399 1499 Untm
421 1440 566 1517 cognoris,
589 1441 688 1500 ommis
710 1441 799 1501 noris.
824 1474 863 1484 -
886 1441 976 1500 Hadd
996 1442 1075 1501 itast.
1148 1485 1152 1493 .

231 1595 361 1654 Parisoi
382 1614 453 1656 vero
474 1595 716 1671 Hermogeneum
740 1594 778 1672 (r.
801 1614 829 1674 p.
852 1593 905 1672 26)
934 1596 1048 1657 eisdem
1070 1596 1182 1656 normis
1203 1590 1349 1658 tenetur*

145 1704 233 1777 atquo
255 1700 542 1761 homoeooetaiooton
564 1691 638 1758 κατὰ
660 1702 747 1758 κῶλα.
959 1684 965 1701 '

142 1820 146 1831 ‘
231 1802 268 1862 In
290 1802 436 1880 prioribus
458 1802 601 1881 dipodiis:
625 1802 710 1863 Truo.
726 1807 804 1880 8243
828 1803 898 1863 dist
921 1804 974 1878 IV,
993 1807 1023 1879 2,
1046 1808 1072 1864 7.
1088 1803 1138 1881 B.;
1159 1803 1233 1864 Nov.
1248 1823 1323 1864 oom.

147 1909 202 1983 383
224 1906 331 1983 Heaut,
354 1910 425 1968 218.
449 1910 526 1984 3723
548 1906 624 1967 Rud.
648 1909 726 1968 672:
1110 1928 1115 1941 ·

144 2026 251 2105 Neque
273 2032 306 2086 ut
326 2027 398 2088 hino
418 2028 521 2087 abeam
542 2029 641 2106 neque
662 2031 696 2087 ut
716 2028 798 2087 huno
819 2028 922 2087 adeam
943 2029 1018 2087 seio:
1040 2028 1146 2088 timore
1168 2032 1278 2106 torpeo.

146 2129 218 2203 Quis
240 2149 306 2190 eam
327 2131 487 2205 abstiterit,
511 2133 578 2209 quis
600 2131 765 2204 sustulerit,
795 2110 834 2191 et¹
846 2134 946 2191 utrum
966 2131 1024 2191 heo
1044 2151 1083 2191 an
1105 2132 1176 2193 iliae
1196 2134 1254 2192 iter
1276 2132 1323 2191 in-

892 2316 895 2321 ·
928 2234 1030 2294 titerit.
1217 2250 1220 2255 ·

125 2329 181 2396 ,Ὀ
202 2337 352 2415 pestifero,
373 2337 567 2415 portentifora
586 2340 657 2397 trtx
678 2336 927 2415 tolutiioquentia.

231 2439 309 2500 Nam
330 2444 361 2500 et
382 2442 577 2518 cognoscendi
598 2445 627 2502 et
647 2440 818 2518 ignorandi
839 2441 957 2500 dabitur
977 2443 1090 2519 peceati
1111 2442 1202 2502 loeus.

299 2544 421 2603 Inoirsa
442 2546 549 2620 verba,¹
561 2549 678 2605 evirsos
700 2544 823 2605 cervinis
845 2548 919 2604 tuas.

351 2648 500 2725 Reppulit,
521 2647 651 2726 prtpmtit
671 2650 814 2726 perquam
835 2648 970 2724 indignis
990 2648 1094 2707 modia.

232 2768 269 2826 In
290 2767 343 2828 vt.
365 2766 450 2828 VIH.
473 2768 538 2846 ped.
560 2769 651 2828 trooh.
674 2772 769 2829 oeten.
791 2768 871 2829 Men.
895 2770 971 2830 589:

146 2880 253 2964 'Agere
274 2892 325 2947 aut
347 2889 467 2966 quicum
490 2886 592 2967 [volui]
615 2889 774 2949 Hoidimst:
796 2892 838 2949 tta
859 2908 908 2950 me
928 2889 1059 2963 attinuit,
1080 2891 1121 2948 tta
1142 2888 1281 2948 detinuit.

127 3090 130 3097 .
230 3043 355 3103 Restant
375 3046 487 3120 figurae
509 3045 697 3121 repetitionis.
730 3043 811 3118 Quas
825 3045 965 3123 quoniam
987 3063 1047 3104 non
1070 3044 1166 3105 solum
1186 3043 1266 3104 inter
1286 3062 1321 3105 se

145 3145 235 3206 erotis
264 3147 486 3208 definitionibus
518 3147 643 3207 distinxi
670 3148 723 3208 sed
751 3128 841 3209 etiam
871 3150 1028 3227 segregavi
1060 3168 1078 3208 a
1109 3149 1321 3226 paronomasia,

145 3268 341 3327 paregmeno,
362 3253 523 3330 polyptoto,
545 3252 642 3311 faoile·
656 3257 700 3312 est
722 3253 881 3314 emendare
902 3253 934 3312 id
956 3252 1034 3331 quod
1055 3252 1265 3313 Laohmannus
1286 3252 1322 3311 dr

145 3355 306 3414 variatione
327 3361 460 3415 demotus
481 3356 516 3414 iri
529 3356 696 3433 repetitione
709 3356 824 3416 monuit
845 3357 883 3416 ad
897 3357 1027 3434 Propere.
1038 3356 1078 3431 II,
1092 3359 1119 3431 3,
1131 3359 1181 3431 44,
1195 3374 1224 3432 p.
1241 3359 1320 3416 111:

146 3458 252 3534 ,placet
279 3459 417 3537 exempla
446 3459 592 3536 quaedam
616 3460 781 3537 produoere
813 3460 903 3520 huius
932 3459 1131 3537 repetitionis,
1164 3477 1222 3537 qua
1249 3459 1321 3518 boni

145 3565 249 3637 poetae
270 3562 444 3638 saepissime
465 3567 590 3622 utuntur
610 3564 643 3621 in
664 3564 850 3641 repetitione,
865 3583 909 3622 me
930 3563 1008 3623 idem
1028 3563 1201 3623 vocobulum
1223 3562 1321 3622 eodem

145 3671 263 3723 aroemtii
290 3665 451 3744 eademque
478 3667 659 3742 syliabarum
691 3667 854 3745 quantitate
885 3666 1031 3727 reowrrot'.
1084 3665 1147 3740 Qua
1179 3667 1216 3726 de
1249 3665 1320 3742 lege

76 3760 79 3767 ’
145 3767 354 3828 dubitavenint
376 3769 434 3828 viri
455 3770 619 3830 doctissimi
639 3771 713 3831 Brix
735 3771 773 3830 ad
794 3771 857 3830 Mil.
873 3775 909 3849 43
931 3770 1044 3847 Bugge,
1066 3770 1173 3829 Phiiol.
1195 3769 1252 3829 vol.
1269 3772 1319 3845 30,
1399 3852 1402 3857 Ι

144 3889 172 3947 p.
196 3874 256 3932 636
280 3891 339 3951 sq.;
361 3872 477 3934 Lorenz
498 3874 569 3933 ibid.
590 3894 619 3951 p.
642 3876 704 3935 694
727 3892 769 3955 sq.
813 3874 873 3935 Sed
895 3879 975 3934 certe
1005 3870 1119 3951 atiq'uid
1146 3873 1209 3933 veri
1230 3872 1263 3931 in
1285 3890 1318 3933 se

144 3974 233 4034 habet
253 3976 331 4035 iflud
352 3976 550 4038 Laohmenm':
580 3997 758 4056 quamquam
784 3997 845 4037 non
874 3977 994 4037 omnino
1016 3977 1104 4038 valet.
1147 3975 1215 4036 Non
1237 3977 1320 4037 enim

144 4079 273 4155 pertinet
293 4080 367 4140 haeo
388 4081 537 4158 elegantia
558 4082 595 4141 ad
616 4099 819 4159 paregmenon
848 4099 945 4158 neque
967 4080 1005 4140 ad
1026 4082 1200 4158 polyptoton
1221 4098 1319 4158 neque
1394 4144 1397 4149 ,

130 4181 177 4234 ad
186 4185 420 4253 paronomasiae
443 4203 510 4246 eam
531 4184 692 4261 rationem,
718 4203 794 4264 quae
821 4185 855 4244 in
877 4164 1052 4263 repetitione
1080 4185 1215 4244 eiusdem
1234 4184 1330 4261 verbi

103 4279 227 4338 metato
238 4299 338 4345 sensu
355 4289 507 4368 consistit,
520 4310 628 4371 neque
643 4278 683 4353 ad
699 4291 935 4371 epanaphoram,
949 4306 1054 4367 neone
1066 4287 1108 4346 ad
1118 4266 1348 4360 autonomon(
1376 4334 1380 4339 .
1396 4302 1399 4309 ·

885 4449 902 4481 1
