2858 5010
632 280 845 343 -16-

236 456 339 516 Trooh.
363 461 457 516 oeten.
490 455 565 514 Rud.
591 457 773 517 225—228:

151 578 253 654 Ne‘qoa
274 596 340 638 eam
362 595 457 655 usque
478 576 600 638 invenio
622 573 721 655 neque
742 596 800 655 quo
816 596 883 638 eam
897 580 1069 657 nequaque
1088 598 1228 657 quaeram
1244 578 1330 659 [eam]

919 681 1123 742 consultumst.

150 785 252 863 Neque
273 802 362 863 quem
383 783 509 869 rogitem
531 786 738 863 responsorem
759 787 938 863 quemquam
959 785 1074 846 interea
1091 782 1152 863 [hio
1165 786 1330 866 hominem]

921 907 1049 949 mvenro.

153 990 211 1050 Na‘e
231 990 326 1067 magis
349 991 428 1051 solae
451 994 548 1052 terrae
570 991 649 1052 solae
672 993 743 1051 sunt
764 1010 853 1069 quam
880 993 953 1053 haee
978 997 1049 1052 sunt
1076 994 1141 1054 looa
1162 999 1251 1074 atque
1273 997 1332 1057 hae

921 1095 1066 1173 regiones

28 1236 31 1241 -
149 1198 250 1275 Na‘qua
271 1198 298 1258 si
319 1197 395 1257 vivit
418 1200 484 1259 eam
505 1198 574 1258 viva
595 1216 728 1278 unquam
755 1200 827 1276 quin
851 1196 968 1276 [vivam]
999 1200 1151 1261 inveniam
1180 1202 1331 1264 desistam.

235 1352 256 1445 §¹
277 1376 325 1433 19.
347 1372 387 1432 Π.
409 1371 659 1448 Dapuromoeoso'
680 1364 773 1431 111τοῖ
795 1367 904 1442 τέλος
925 1373 993 1431 τῶν
1015 1365 1150 1433 κώλων.
1241 1382 1245 1388 ’

234 1494 356 1554 Praeter
376 1493 574 1554 homoeoaroti
594 1493 679 1552 nulla
700 1510 921 1569 paromoeoseos
949 1493 1063 1554 ratione
1089 1499 1203 1557 veteres
1224 1497 1334 1559 Roma·
1391 1516 1396 1522 ·

149 1615 256 1656 norum
278 1602 383 1675 poetae
404 1596 500 1673 magis
523 1596 662 1657 delectati
685 1601 755 1655 sunt
777 1597 919 1674 nullaque
941 1598 1057 1676 saepius
1079 1599 1128 1659 usi
1149 1605 1220 1660 sunt
1241 1620 1334 1679 quam

149 1678 401 1761 laomoaoeotolaeto
424 1694 517 1758 11τᾶ
540 1696 648 1770 τέλος
670 1702 740 1758 τῶν
762 1692 895 1759 κώλων.
928 1699 993 1761 Neo
1007 1702 1104 1761 solrun
1117 1703 1197 1780 apud
1212 1711 1333 1767 veteres

149 1809 252 1881 poetas
285 1822 391 1864 verum
424 1803 513 1864 etiam
545 1803 625 1881 apud
657 1821 708 1863 eos
741 1803 793 1881 qui
822 1804 951 1880 Augusti
984 1804 1116 1866 Caesaris
1148 1811 1334 1886 temporibus

149 1908 283 1983 fuenmt,
316 1925 375 1969 neo
407 1907 530 1967 minime
563 1907 643 1984 apud
670 1906 841 1984 Vergilium
869 1907 1076 1986 elegimosque
1105 1915 1208 1987 poetas
1239 1913 1333 1975 huius

149 2012 261 2087 figurae
282 2012 424 2090 frequens
446 2029 519 2073 usus
540 2009 701 2075 invenitur.
1275 2089 1278 2093 .

234 2114 369 2192 Propone
396 2119 495 2175 autem
524 2114 684 2175 Lueiani
712 2114 889 2175 Muelleri
916 2115 954 2175 de
980 2116 1215 2177 homoeoteleuto
1242 2116 1331 2194 (11τοῖ

32 2236 37 2245 ·
150 2214 238 2293 κῶλα)
247 2214 268 2294 1)
291 2217 435 2279 iudioium
457 2217 494 2278 de
516 2237 549 2278 re
571 2223 654 2279 metr.
676 2237 705 2295 p.
728 2220 799 2279 456.
828 2219 954 2293 editam,
982 2218 1092 2298 quippe
1120 2238 1210 2298 quem
1233 2221 1333 2283 solum

149 2339 217 2379 oum
239 2340 380 2382 versuum
401 2323 515 2383 exitum
536 2327 600 2382 tum
622 2340 774 2381 euasurum
802 2322 835 2381 11
856 2321 990 2382 medium
1016 2324 1169 2385 meavisse
1196 2325 1346 2387 videam:
1377 2402 1380 2407 Ι

151 2423 270 2497 ί011111
291 2428 376 2503 aptae
397 2426 567 2486 mehercule
596 2426 839 2487 homoeoteleutis
862 2445 915 2487 eae
938 2430 1008 2486 sunt
1037 2432 1135 2504 partes
1160 2434 1330 2506 metrorum,

151 2527 258 2605 quibus
279 2527 382 2607 utique
405 2547 528 2591 neeesse
549 2534 597 2590 est
617 2529 724 2590 morari
745 2548 859 2605 voeem,
880 2529 995 2591 scilieet
1011 2531 1044 2590 in
1057 2549 1179 2591 masura
1200 2537 1230 2592 et
1246 2534 1331 2593 exitu

150 2633 266 2692 numeri
287 2633 408 2710 positae.
430 2633 599 2712 proximum
620 2633 805 2713 frequentiae
826 2633 886 2694 tale
902 2638 947 2694 est
961 2634 1227 2711 homoeoteleuton,
1249 2638 1331 2714 quod

149 2735 182 2793 in
209 2737 269 2796 fine
291 2742 406 2798 constat
434 2755 575 2798 versuum
602 2737 743 2798 continue
772 2737 948 2798 iunotorum.
976 2737 1066 2799 nimis
1093 2739 1183 2814 longe
1210 2740 1330 2817 plaoent

149 2839 244 2915 primo
266 2844 296 2899 et
316 2840 421 2900 ultimo
443 2841 508 2901 loeo
530 2841 664 2903 eiusdem
691 2841 830 2901 carminis
859 2845 911 2901 aut
938 2841 1033 2901 initiis
1060 2842 1202 2902 eollooata
1230 2843 1330 2904 diver·

36 3014 43 3029 ¹·
150 2961 257 3002 sorum
279 2943 429 3004 rarissima
443 2924 619 3024 suntquae
635 2945 896 3007 sententiarumao
910 2963 971 3005 1ο1
986 2963 1176 3006 numerorum
1190 2952 1331 3035 oonstent

36 3036 45 3067 ‘'
149 3046 292 3106 terminis.
320 3046 448 3126 denique
469 3048 577 3109 mediis
598 3050 701 3109 metris
723 3053 774 3108 aut
795 3050 856 3125 fine
876 3067 1018 3109 versuum
1039 3068 1100 3109 non
1122 3051 1330 3128 contiguorum

149 3150 313 3210 accidentia
339 3152 573 3213 homoeoteleuta
599 3156 716 3230 praeter
742 3152 1058 3230 paronomasias'oasu
1080 3155 1217 3215 evenisse
1243 3162 1330 3233 puta

103 3232 120 3278 χ
148 3255 263 3314 bimus'.
298 3255 471 3333 Comprobat
492 3256 585 3333 igitur
605 3256 839 3317 homoeoteleuta
853 3249 922 3315 καθ’
942 3249 1088 3334 ἡμιστίχια
1110 3262 1140 3318 et
1155 3251 1225 3317 καθ’
1240 3253 1330 3332 ὅλους

150 3356 263 3435 στίχους
286 3359 435 3436 siquidem
455 3360 488 3419 in
509 3362 569 3421 fine
590 3378 732 3421 versuum
754 3364 903 3421 constant:
937 3360 1077 3439 equidem
1096 3379 1165 3421 vero
1190 3363 1329 3425 homoeo-

149 3462 284 3522 oataleoti
305 3462 455 3541 triplicem
476 3482 563 3524 usum
592 3457 666 3522 11111
690 3462 842 3534 denobiae,
860 3450 935 3522 ’καθ’
961 3455 1123 3542 quintipor,
1146 3457 1214 3525 καθ’
1239 3459 1330 3539 ὅλους

149 3563 263 3640 στίχους
279 3571 424 3645 —atque
446 3567 527 3627 huno
555 3586 616 3627 1ο1
638 3568 734 3628 solum
756 3567 788 3625 in
810 3568 870 3628 fine
894 3567 946 3628 sed
968 3567 1059 3627 etiam
1080 3571 1150 3630 ante
1172 3586 1328 3653 oaesrrram

149 3672 250 3729 extare
271 3670 399 3746 probabo
421 3703 462 3713 -
484 3689 538 3750 per
559 3671 658 3731 omnia
679 3689 821 3732 versuum
843 3689 955 3750 genera
975 3689 1142 3750 persequar.

161 3806 269 3814 --—-----.
288 3806 297 3817 μ
316 3809 319 3813 .

213 3871 260 3939 ¹1)
278 3870 348 3925 Nam
370 3871 597 3926 homoeoteleuton
626 3893 650 3926 κ.
668 3870 752 3944 μέρος
777 3869 861 3942 λόγου
883 3872 985 3942 respuit
1011 3872 1043 3926 de
1065 3888 1094 3926 re
1112 3874 1186 3927 11111.
1213 3891 1238 3943 p.
1262 3878 1328 3929 456:

147 3955 206 4009 Iam
213 3955 371 4024 promissae
383 3957 488 4012 admitti
499 3959 719 4029 homoeoteleuta,
743 3975 904 4028 quamquam
921 3957 995 4014 nulla
1006 3958 1178 4029 legeretatru,
1196 3960 1285 4016 tamon
1298 3963 1327 4014 et

147 4040 241 4096 inutile
259 4045 299 4097 est
317 4043 480 4114 plerumque,
499 4060 561 4099 oum
578 4044 688 4100 minime
706 4046 866 4100 subsistatur
882 4045 1043 4114 inpartibus
1061 4046 1187 4101 orationis
1198 4062 1251 4100 non
1264 4062 1327 4100 eon-

148 4129 279 4189 stantibus
297 4130 369 4184 finito
388 4130 479 4185 ordine
496 4131 619 4201 metrico,
639 4135 664 4186 et
681 4132 822 4202 aliquando
844 4132 877 4188 ob
896 4133 1088 4188 deformitatem
1106 4148 1228 4187 sonorum
1246 4132 1327 4186 vitioss

132 4228 207 4280 sum,
236 4215 314 4268 velut
327 4216 401 4271 male
416 4217 519 4274 hebent
541 4217 606 4275 talia
623 4217 686 4276 Lab.
705 4224 738 4274 80
756 4221 793 4290 (11.
811 4236 836 4290 p.
856 4220 899 4289 to]
917 4219 969 4274 ine.
987 4221 1019 4274 tr.
1037 4224 1070 4272 21
1089 4220 1140 4274 hoe
1158 4218 1229 4273 dolet
1245 4219 1328 4287 pudet

107 4293 194 4357 rhet
207 4297 276 4352 Lao.
295 4301 394 4375 XXX,
415 4312 453 4362 aa
471 4309 509 4379 (v.
528 4327 555 4381 p.
577 4312 631 4380 11).
