2858 5010
628 666 841 730 „27-

148 846 290 902 tractatam
318 840 501 917 adrogorio
524 840 678 902 Corinthio
705 838 914 918 Hermogenis
928 847 1164 903 commentatore.
1208 843 1331 903 Hermo-

148 963 242 1022 genes
257 949 355 1004 autem
377 964 405 1023 p.
421 948 494 1019 421,
517 948 552 1004 2:
575 939 725 1023 <Haiproov
747 947 844 1023 σχῆμα
866 942 927 1004 ἔστι
949 942 1046 1005 τεκαὶ
1068 942 1188 1025 λέγεται,
1210 939 1283 1006 ὅταν
1298 940 1330 1005 τὸ

148 1041 221 1108 αὐτὸ
238 1036 339 1127 ’δνομα
361 1041 453 1125 ἄλλην
475 1043 527 1106 καὶ
548 1040 640 1124 δλλην
662 1047 829 1127 epulata
850 1043 1001 1126 συλλαβὴν
1021 1042 1174 1127 διαφόρως
1195 1047 1331 1120 διανοίας

148 1149 213 1235 ἔχῃ·
238 1143 320 1230 παρὰ
341 1146 395 1228 μὲν
412 1142 574 1230 Ἰσοκράτει
595 1143 692 1220 οὕτως
715 1148 758 1226 (π.
782 1154 859 1228 App.
883 1153 966 1226 §18,
988 1171 1016 1229 p.
1034 1157 1060 1213 7.
1076 1148 1122 1228 Β.)
1146 1144 1199 1211 ἐὰν
1220 1138 1258 1235 ᾖς
1280 1172 1329 1227 φι-

147 1249 283 1333 λομαθὴς
320 1250 371 1336 ἔσῃ
400 1245 589 1330 πολυμαθής.
632 1247 664 1313 τὸ
692 1249 750 1333 γὰρ
773 1248 942 1331 μανθάνειν
972 1251 1005 1315 ἕν
1032 1248 1212 1332 ἀμφοτέροις
1237 1251 1329 1315 ἐστιν·

148 1351 205 1418 o'ctt'
231 1351 308 1418 ὅπου
329 1353 384 1435 μὲν
406 1349 438 1417 τὸ
465 1350 540 1416 notri
567 1349 754 1436 πρόςκειται,
791 1354 843 1416 καὶ
865 1357 1002 1436 σημαίνει
1029 1351 1194 1418 vicentini
1218 1356 1329 1417 εἰδότα·

31 1463 34 1468 ’
147 1454 224 1520 ὅπου
251 1456 284 1543 δὲ
311 1456 344 1520 τὸ
367 1460 456 1535 φίλον
478 1453 661 1537 aurigarum,
695 1456 746 1518 καὶ
769 1456 847 1519 ἔστιν
875 1453 891 1520 ὁ
919 1454 1014 1538 ἡδέως
1037 1455 1221 1538 μανθάνων.
1268 1461 1330 1522 Bes

146 1565 239 1641 igitur
260 1564 434 1642 perspicua:
467 1563 587 1641 parison
608 1568 644 1623 ut
665 1563 849 1640 Hermogeni
870 1564 996 1642 placuit,
1015 1566 1067 1626 'de
1094 1564 1192 1626 verbis
1214 1583 1330 1642 compo

147 1668 212 1728 sitis
234 1669 276 1742 fit,
298 1686 374 1744 quae
396 1667 527 1728 secundo
548 1667 614 1727 loco
636 1667 717 1727 idem
739 1669 864 1728 verbum
886 1670 1028 1745 praebent
1037 1665 1072 1746 ¹);
1100 1686 1210 1729 nomen
1231 1673 1329 1728 autem

147 1790 206 1850 qno
227 1772 430 1848 Hermogenes
452 1771 547 1830 utitur
568 1771 658 1830 latius
681 1776 776 1849 patet,
808 1789 866 1831 nec
893 1772 954 1831 scio
983 1791 1023 1831 an
1049 1772 1192 1832 idoneum
1220 1772 1260 1833 sit
1292 1772 1329 1831 ad

148 1876 331 1952 singularem
348 1875 432 1933 iilam
454 1872 682 1934 similitudinem
705 1874 944 1950 significandam,
965 1876 1140 1952 praesertim
1163 1892 1231 1936 cum
1253 1868 1328 1952 πάρ-

116 1982 121 1989 ’
146 1994 212 2038 ισον
235 1978 418 2038 sollemniter
439 1978 473 2036 in
494 1978 583 2038 aliam
598 1979 777 2038 sententiam
798 1978 960 2055 accipiatur
974 1975 1021 2054 (cf.
1036 1997 1064 2054 p.
1083 1977 1140 2054 17).
1175 1979 1263 2039 Certe
1277 1979 1329 2039 ubi

147 2100 220 2142 usus
242 2080 354 2157 veniet,
375 2082 575 2158 Hermogenis
596 2099 707 2142 nomen
727 2081 896 2158 adiungam.

234 2241 302 2311 58.
336 2238 382 2298 De
408 2255 583 2315 poraqmaao
617 2241 648 2299 et
673 2236 824 2314 polyptoto
858 2237 900 2296 ita
932 2235 1113 2296 dissentiunt
1140 2236 1266 2298 Vossius
1298 2242 1330 2299 et

73 2410 78 2419 ¹
146 2342 312 2418 Maehlyus,
334 2340 435 2415 utille
448 2341 516 2401 inst.
529 2359 569 2400 or.
584 2359 612 2419 p.
627 2343 688 2400 308
711 2329 913 2417 paregmenon
927 2344 1048 2399 moneat
1067 2339 1162 2399 subici
1176 2358 1263 2417 posse
1277 2359 1329 2418 po·
1349 2334 1352 2339 ’

146 2436 277 2523 lyptote,
309 2445 360 2504 hic
381 2464 408 2521 p.
433 2448 494 2506 222
522 2443 696 2522 polyptoton
723 2444 899 2521 paregmeni
921 2443 1052 2520 speciem
1074 2460 1141 2503 esse
1169 2444 1328 2504 adsumet.

148 2547 207 2609 Sed
228 2548 396 2608 videbimus
425 2553 585 2626 utrumque
614 2545 766 2625 erravisse.
809 2544 887 2606 Nam
908 2551 1025 2606 tannim
1052 2530 1160 2622 abest,¹
1183 2552 1217 2606 ut
1238 2548 1329 2609 altera

146 2652 242 2729 figura
262 2651 349 2711 alteri
372 2656 562 2728 supponatur,
590 2655 623 2709 ut
645 2655 770 2728 utraque
793 2668 877 2710 suam
899 2649 956 2710 sibi
977 2649 1111 2710 vindicet
1131 2650 1306 2728 regionem.

231 2754 297 2831 (IV)
333 2750 540 2831 Porcpmouffl)
569 2754 650 2813 notio
671 2753 834 2831 repetenda
854 2758 940 2813 esta
966 2754 1046 2814 Julio
1073 2752 1247 2828 Rufiniano,
1276 2755 1329 2833 qui

146 2859 227 2918 solus
239 2858 288 2919 'ex
309 2858 380 2935 illis,
402 2876 528 2937 quornm
550 2856 660 2935 scripta
674 2856 760 2917 nobis
781 2856 890 2916 tradita
912 2861 990 2932 sunt,
1012 2857 1050 2917 de
1066 2876 1101 2917 ea
1122 2859 1218 2934 figura
1238 2857 1329 2936 idque

144 2967 230 3021 acute
264 2961 434 3038 disputavit.
477 2961 555 3022 Nam
589 2960 740 3021 Cornificii
773 2958 917 3020 traductio
948 2958 1007 3019 alio
1034 2961 1239 3036 transferenda
1272 2966 1327 3021 est.

144 3064 203 3123 Jul
225 3064 292 3123 Rus.
315 3064 408 3141 igitur
429 3060 651 3142 paronomasiae
679 3063 800 3124 notione
824 3060 973 3141 explicata
993 3081 1020 3140 p.
1045 3065 1101 3138 51,
1135 3066 1192 3125 33:
1226 3084 1326 3142 ‘aop-

146 3164 313 3246 ηγμὲνον
335 3173 382 3228 est
404 3174 497 3246 aeque
514 3166 622 3227 similis
643 3169 752 3243 figura,
774 3185 844 3226 oum
866 3184 906 3226 ex
921 3185 1011 3244 supra
1032 3166 1110 3227 dieto
1136 3167 1225 3227 verbo
1246 3150 1328 3227 aliud

145 3271 296 3331 denvatur
311 3317 317 3331 .
333 3318 360 3331 ..
396 3272 502 3331 Latine
525 3271 635 3331 dicitur
657 3269 818 3330 derivatio’.
862 3269 1017 3348 Exemplis
1039 3269 1133 3330 utitur
1146 3270 1328 3347 Vergilianis
1380 3338 1383 3343 ,

273 3392 348 3451 Aen.
371 3391 409 3466 V,
430 3378 501 3451 4461
524 3391 603 3451 ultro
623 3386 628 3469 Ι
646 3390 716 3469 Ipse
737 3388 837 3467 gravis
858 3391 1047 3469 graviterque
1068 3389 1107 3450 ad
1127 3395 1235 3451 terram
1254 3410 1328 3469 pon·

318 3495 389 3556 dere
411 3500 493 3555 vasto
513 3490 518 3574 t
539 3493 682 3555 Concidit.

271 3598 341 3674 XH,
364 3600 435 3660 640.
458 3596 608 3677 Oppetere
629 3598 788 3675 ingentem
810 3601 900 3675 atque
921 3595 1039 3674 ingenti
1060 3598 1183 3658 volnere
1206 3598 1326 3658 victum.

272 3701 325 3777 VI,
362 3705 434 3765 247.
455 3702 538 3764 Voce
556 3707 641 3763 vocat
661 3701 799 3762 Hecaten
821 3697 973 3778 [caeloque
984 3684 1140 3778 Ereboque
1151 3698 1325 3779 potentem}

273 3804 378 3883 Georg.
402 3806 456 3883 IV,
480 3809 550 3868 108.
573 3806 622 3867 Ire
643 3806 702 3866 iter
724 3809 755 3865 et
777 3804 883 3864 castris
904 3803 1025 3863 audebit
1046 3805 1160 3865 uellere
1182 3804 1276 3881 signa.

175 3904 181 3915 ι
230 3925 311 4001 Quae
341 3928 476 3988 definitio
505 3926 640 4006 quamvis
669 3924 767 4003 ampla
788 3922 869 4001 (nam
891 3923 1098 4002 complectitur
1125 3927 1215 3986 etiam
1242 3927 1327 4003 poly-

33 4016 37 4023 ’
142 4029 217 4105 ptoti
238 4029 271 4089 id
285 4048 389 4107 genus,
412 4031 491 4109 qnod
512 4031 551 4091 ad
565 4030 703 4091 eiusdem
715 4028 797 4090 vocis
818 4028 852 4087 in
873 4047 934 4088 una
948 4028 1099 4089 sententia
1119 4029 1326 4107 repetitionem

143 4176 347 4184 ..ὴ-

230 4248 256 4315 t)
274 4247 363 4302 Plauti
382 4249 440 4302 eius
456 4247 556 4318 figurae
574 4263 653 4301 usum
666 4246 785 4317 coarguit
796 4245 915 4301 Naelrius
933 4244 964 4298 n
977 4244 1014 4298 M.
1034 4249 1110 4310 1829,
1127 4262 1152 4313 p.
1166 4250 1229 4299 400:
1252 4246 1326 4301 Non·

143 4350 277 4403 nunquam
295 4335 406 4388 verbum
422 4335 533 4390 iteratur
548 4334 623 4387 idem
640 4332 668 4386 in
687 4332 855 4403 compositis'.
891 4331 952 4386 Aul.
971 4336 1029 4385 406.
1049 4331 1093 4398 G.;
1119 4329 1187 4385 Rud.
1206 4336 1265 4386 616.
1283 4332 1326 4399 F.;

144 4419 210 4473 Tm
229 4420 424 4576 ἓξοῐδῖδδδδῖ
440 4506 472 4560 δε
490 4507 574 4576 figura
592 4504 768 4576 etymologica
785 4504 907 4574 [Graeca]
925 4503 1039 4572 Paralip.
1057 4520 1082 4572 p.
1101 4508 1151 4557 501
1164 4519 1220 4574 sqq.

276 4592 305 4645 G.
324 4591 503 4662 Landgraf,
530 4592 564 4646 de
584 4591 677 4663 figuris
698 4588 842 4661 etymolog.
860 4588 931 4659 ling.
949 4588 1044 4644 latin.
1057 4592 1116 4642 out.
1128 4604 1202 4639 mm.
1216 4591 1288 4638 unx
1299 4593 1359 4648 m„

341 4696 368 4749 o·
389 4684 401 4732 1
422 4695 481 4751 soo-
