2858 5010
630 196 937 312 -14-”

148 431 228 486 11111
249 442 311 485 111
332 423 418 485 modo
441 443 529 502 quam
550 424 748 502 frequentiam
775 424 808 482 in
835 423 979 484 similium
1008 443 1065 484 usu
1087 426 1200 502 singuli
1221 432 1332 505 poetae

149 530 301 590 consecuti
323 534 440 601 essent,
471 546 575 588 verum
605 528 695 587 etiam
722 527 817 605 quoad
844 529 923 604 apud
951 528 1085 605 singulos
1118 530 1332 591 conlocationis

147 633 232 710 leges
247 633 389 695 valerent
425 630 489 692 Nec
503 632 599 692 solum
614 636 718 708 poetae
733 631 788 691 sed
803 631 894 698 etiam
908 636 1044 706 oratores,
1067 633 1209 709 historici,
1231 635 1332 711 philo-

30 718 33 723 *
147 737 233 813 sophi
255 741 357 796 essent
379 735 577 809 examinandi,
600 753 658 795 nec
679 735 842 795 omittendo
863 741 967 795 essent
987 737 1138 796 rhetorum
1159 738 1331 812 grammati-

147 857 307 917 corumque
318 839 489 900 testimonia
500 857 575 916 quae
590 838 623 897 in
636 837 806 898 laudatione
820 843 871 897 aut
885 839 918 896 in
932 839 1149 916 vitrperatione
1165 842 1331 916 figurarum

147 943 331 1020 quarundam
345 948 510 1003 1111111111.
544 941 621 1001 Nam
636 960 674 1002 ex
690 942 738 1001 his
752 946 860 1015 manat,
878 960 953 1019 quae
969 944 1081 1018 figurae
1096 948 1161 1002 tum
1175 944 1331 1020 viguerint

145 1064 279 1123 quaeque
313 1045 519 1106 obsoleverint.
565 1044 740 1105 Cornificius
768 1044 889 1122 quidem
918 1044 975 1120 IV,
1002 1049 1049 1120 12,
1074 1050 1128 1117 18,
1159 1065 1187 1123 p.
1213 1049 1329 1123 142,4

147 1149 322 1226 multiplicis
344 1149 541 1210 homoeoarcti
562 1167 650 1208 usum
671 1147 800 1225 respuit:
824 1147 860 1221 ,si
874 1147 1032 1208 vitabimus
1055 1149 1189 1210 ciusdem
1211 1150 1329 1210 litterae

144 1252 267 1312 nimiam
289 1253 509 1313 assiduitatem:
533 1253 581 1312 cui
603 1252 675 1312 vitio
696 1269 802 1311 versus
824 1251 875 1311 hic
897 1251 953 1311 erit
975 1254 1114 1330 exemplo
1129 1285 1171 1311 ,-
1186 1271 1256 1312 nam
1277 1254 1330 1314 hic

143 1356 221 1415 nihil
234 1357 369 1433 prohibet
390 1357 423 1415 in
444 1356 525 1416 vitiis
557 1355 664 1416 alionis
687 1354 832 1432 exemplis
853 1355 912 1413 uti:
946 1353 1052 1415 OTite
1073 1361 1137 1415 tute
1155 1355 1220 1415 Tati
1242 1357 1329 1434 etqs’

143 1458 264 1519 Servius
293 1460 331 1518 ad
352 1459 443 1536 Verg.
467 1461 541 1519 Aen.
565 1459 626 1534 IH,
653 1462 713 1519 183
744 1458 834 1518 etiam
862 1457 989 1534 triplicis
1019 1459 1216 1519 homoeoaroti
1237 1477 1329 1519 usum

142 1563 349 1639 reprehendit:
374 1581 469 1636 ,casus
482 1562 647 1622 Cassandra
669 1561 810 1622 canebat'.
848 1561 931 1621 Haec
946 1562 1117 1639 compositio
1139 1563 1199 1622 iam
1220 1562 1330 1623 vitiosa

143 1671 190 1725 est
211 1684 287 1743 quae
309 1665 468 1726 maioribus
490 1664 620 1742 placuit’.
657 1663 802 1726 1111111.
828 1664 896 1742 Cap.
919 1685 947 1742 p.
971 1669 1043 1739 474,
1067 1669 1114 1726 16.
1130 1666 1167 1724 Η.
1211 1666 1329 1743 Epama-

142 1769 261 1846 strophe
282 1791 307 1827 κ.
333 1762 480 1846 συλλαβὴν
509 1769 695 1847 vituperatur
716 1787 734 1829 a
756 1767 939 1842 Quintiliano
962 1769 1014 1843 IX,
1037 1772 1066 1843 4,
1089 1758 1189 1846 41,'p.
1214 1773 1284 1845 177,
1307 1774 1327 1830 8

143 1876 174 1932 11
195 1891 213 1931 a
235 1872 267 1931 0.
289 1872 347 1932 Jul.
371 1872 492 1933 Victore
521 1891 550 1949 p.
572 1876 644 1948 433,
668 1876 702 1950 63
735 1876 824 1950 atque
851 1871 901 1931 hic
934 1872 1025 1931 etiam
1057 1872 1262 1949 homoeoptota
1295 1879 1329 1933 et

142 1976 378 2036 homoeoteleuta
399 1980 574 2053 aspernatur
594 1995 622 2053 p.
646 1979 718 2050 433,
740 1980 768 2035 4.
813 1975 921 2036 Contra
944 1975 1047 2036 Oicero
1069 1975 1213 2045 similium
1234 1993 1325 2034 usum

141 2079 332 2138 multifariam
361 2079 462 2139 laudat
491 2084 525 2138 ut
553 2079 693 2153 11ΧΠ,
717 2081 773 2153 38,
802 2079 840 2139 de
861 2097 901 2137 or.
924 2079 980 2154 ΙΠ,
1004 2081 1064 2138 206
1094 2079 1130 2137 al
1164 2078 1324 2139 Praeterea

141 2182 220 2259 apud
242 2188 360 2242 veteres
375 2183 469 2242 multa
490 2183 659 2253 testimonia
676 2186 780 2242 extant
794 2200 870 2260 quae
885 2183 984 2241 omnia
999 2182 1114 2242 adferre
1129 2181 1252 2259 longum
1268 2188 1323 2243 cst.

225 2286 349 2345 Interim
377 2285 415 2346 de
442 2286 640 2346 1111111111
675 2285 819 2346 nonnulla
857 2285 971 2346 addam.
1014 2285 1216 2345 Vehementer
1245 2291 1325 2346 errat

139 2389 191 2466 qui
212 2394 304 2465 putat,
326 2408 385 2466 quo
406 2389 574 2466 antiquiora
595 2390 708 2449 fuerint
729 2394 862 2466 tempora
885 2408 920 2449 eo
942 2376 1138 2465 insigniorem
1160 2389 1253 2448 sitisse
1268 2389 1323 2448 ho-

139 2493 296 2552 moeoaroti
318 2511 413 2551 usum.
457 2493 541 2553 Haec
563 2493 644 2552 enim
659 2495 755 2569 figura
776 2493 867 2552 exilia
880 2492 1041 2569 primordia
1062 2493 1152 2552 habet
1172 2493 1205 2551 in
1220 2491 1323 2551 indole

137 2597 240 2674 populi
261 2596 398 2670 Romani,
419 2596 538 2673 copiose
562 2601 647 2656 aucta
670 2601 715 2656 est
736 2602 799 2656 arte
822 2601 991 2673 poetarum,
1025 2614 1101 2672 quae
1129 2613 1167 2654 ex
1189 2595 1323 2670 impulsu

137 2704 258 2759 externo
280 2705 369 2777 atque
393 2700 505 2760 Graeco
528 2700 629 2777 fluxit3
664 2699 806 2774 decrevit,
829 2718 897 2759 cum
911 2699 1069 2777 posteritas
1093 2699 1225 2771 ,nimiam
1248 2699 1322 2757 assi·

37 2782 42 2795 ⁸
138 2802 290 2862 duitatem’
313 2804 445 2864 eiusdem
467 2804 584 2863 litterae
606 2803 760 2865 fastidiret.
806 2803 945 2864 Cernitur
966 2808 1065 2862 autem
1087 2802 1120 2860 in
1141 2805 1321 2879 11111111-

137 2906 201 2984 puli
223 2907 349 2966 Romani
371 2907 502 2967 studium
525 2906 672 2984 quoddam
694 2906 861 2984 pleonasmi
882 2911 970 2983 atque
993 2906 1057 2965 eius
1072 2904 1246 2982 pleonasmi,
1267 2906 1321 2982 qni

137 3009 171 3068 in
191 3010 290 3070 verbis
318 3010 482 3070 abeodem
511 3010 603 3087 stirpe
635 3010 777 3070 derivatis
806 3009 942 3069 consistit
970 3009 1075 3068 autin
1096 3009 1195 3068 verbis
1217 3026 1321 3085 quam·

139 3133 227 3192 quam
255 3115 375 3174 11111111
403 3113 544 3190 stirpibus
571 3119 671 3173 tamen
698 3131 790 3173 sensu
819 3113 980 3186 similibus,
1014 3130 1089 3189 quae
1116 3113 1320 3172 homoeoarcto

137 3218 252 3277 firmius
273 3219 353 3278 inter
374 3237 406 3278 11
428 3217 657 3294 coniunguntur.
687 3217 776 3276 Illius
798 3221 869 3276 sunt
883 3216 965 3275 varia
986 3234 1099 3291 genera
1119 3196 1232 3292 figurae
1254 3220 1320 3291 ety-

137 3322 307 3398 mologicae,
328 3322 361 3380 in
382 3321 486 3399 primis
508 3321 540 3380 id
562 3340 657 3397 genus
679 3320 758 3398 quod
780 3319 964 3380 substantivo
986 3323 1016 3378 11
1037 3320 1126 3379 verbo
1149 3318 1320 3378 continetur

137 3431 171 3484 ut
192 3425 253 3484 ΧΠ
283 3426 340 3484 tab.
366 3429 419 3500 12,
450 3428 478 3485 3.
494 3424 522 3485 S.
552 3425 671 3484 11111111
693 3441 806 3484 nocere.
850 3423 948 3482 Huius
973 3441 1068 3481 unum
1095 3437 1206 3499 genus,
1239 3422 1319 3498 quod

137 3546 337 3605 paregmenon
359 3522 433 3587 nard
458 3523 594 3587 διάνοιαν
617 3528 676 3587 dici
697 3532 801 3605 potest,
824 3531 870 3586 est
891 3527 936 3602 id,
964 3544 1022 3603 quo
1049 3528 1140 3586 verba
1153 3540 1253 3589 ,111111
1274 3524 1317 3584 si·

137 3632 220 3691 milia
242 3632 399 3692 deficiente
421 3631 557 3708 stirpium
579 3631 752 3707 cognatione
774 3631 977 3690 homoeoarcto
1000 3629 1258 3706 conglutinantm,
1280 3632 1315 3687 ut

136 3736 169 3795 in
200 3736 338 3813 precibus
359 3736 425 3812 agri
452 3734 599 3795 lustrandi
620 3734 700 3812 apud
722 3734 782 3794 Cat.
810 3735 848 3794 de
869 3753 893 3793 r.
920 3753 943 3792 r.
969 3738 1027 3794 141
1052 3733 1166 3793 salvum
1188 3749 1315 3792 servare.

138 3840 273 3899 Alterum
295 3858 392 3916 genus
419 3840 456 3898 ad
479 3840 569 3898 verba
596 3856 763 3914 synonyma
785 3837 976 3897 coordinatim
1006 3837 1083 3896 inter
1105 3855 1137 3896 se
1159 3835 1317 3895 coniuncta

136 3948 225 4019 atque
247 3943 448 4003 homoeoarcto
477 3943 509 4001 in
531 3943 674 4002 fonuulae
702 3942 833 4018 speciem
855 3942 973 4000 redacta
994 3940 1132 4018 pertinet.
1176 3939 1216 3998 Ut
1237 3937 1317 4015 apud

137 4046 279 4106 Catonem
301 4046 320 4104 l.
342 4047 362 4105 l.
385 4046 582 4106 viduertatcm
603 4044 883 4122 rectitudinemque,
905 4044 1008 4120 fruges
1029 4043 1192 4117 frumenta,
1214 4042 1316 4101 vineta

136 4151 337 4226 virgriltaque3
366 4148 427 4208 XII
440 4153 461 4208 t.
481 4151 509 4224 5,
533 4154 560 4211 7.
576 4149 604 4209 S.
627 4148 788 4224 adgnatum
810 4147 1040 4224 gentiliumque,
1062 4147 1096 4205 in
1117 4146 1243 4206 forruula
1263 4163 1315 4204 ve-

111 4251 278 4323 tristeque
309 4252 424 4311 bellum
454 4250 1131 4332 111111111111111111.1,31,13,1111111,
1158 4249 1319 4324 consensit,
