2858 5010
586 659 796 728 „33-

94 841 186 919 plcsc’,
204 839 295 918 ploce,
317 839 484 917 cpmmlapsi
504 842 601 900 varias
622 837 809 918 repetitionis
831 839 961 901 rationes
983 840 1045 901 fere
1072 858 1120 903 me
1143 861 1209 903 esse
1230 841 1280 902 ad-

100 950 235 1006 secutum
257 950 336 1023 puto.
366 944 443 1005 Nam
457 945 495 1017 de
512 946 707 1023 epanaphora,
729 945 922 1033 antistrophe,¹
943 946 1105 1022 symploce,
1127 965 1201 1023 quas
1215 966 1282 1024 par·
1342 974 1348 989 ·

100 1050 227 1109 omoeosi
250 1048 398 1108 subiectas
420 1048 523 1124 habeo,
545 1067 635 1126 supra
656 1049 825 1109 memoravi.

186 1221 426 1298 Hpouostropbcs
447 1221 540 1298 igitur
561 1221 767 1298 Hermogenes
789 1220 848 1279 duo
870 1239 981 1296 genera
1002 1223 1112 1280 stabnt.
1150 1225 1195 1284 Ac
1223 1225 1284 1301 pri-

101 1342 184 1382 mum
206 1342 303 1400 genus
326 1319 537 1403 ἒπανασεροφὴ
561 1320 635 1383 κοινὰ
651 1317 800 1400 συλλαβὴν
822 1322 1013 1400 Hermogene
1028 1330 1146 1384 auctore
1168 1346 1195 1404 p.
1212 1330 1284 1402 286,

103 1432 131 1500 7,
152 1428 199 1502 fit,
232 1421 314 1501 ,ὅταν
335 1448 378 1498 τις
400 1425 472 1504 μίαν
502 1425 579 1499 λέξιν
600 1426 723 1506 μερίσας
749 1419 802 1497 τας
824 1425 990 1497 τελευταίας
1012 1421 1161 1505 συλλαβὰς
1189 1423 1284 1506 ἀρχὴν

100 1532 154 1589 τοῦ
177 1526 395 1610 ἐπιφερομένου
410 1511 568 1607 ποιήσομαι
590 1524 695 1589 κοίλου.
706 1527 730 1603 ¹)
757 1522 827 1600 ὧςὸ
848 1529 1035 1608 Θονκυδίδης
1050 1529 1146 1606 (VIII,
1164 1536 1202 1592 16
1217 1530 1283 1607 in),

103 1631 205 1709 Σαμία
227 1631 280 1710 μία
301 1634 385 1704 ναῦς.
415 1630 465 1692 καί
488 1629 554 1712 (m,
577 1630 630 1709 22)
652 1625 758 1692 αὐτίκα
773 1628 836 1710 βοὴ
861 1619 915 1709 ἦν.
953 1630 1004 1692 καὶ
1025 1628 1106 1713 νεαροὶ
1122 1638 1159 1716 τᾷ
1177 1629 1284 1717 ποιήτρ

102 1732 149 1812 (Π.
172 1735 200 1812 β.
225 1733 297 1813 758)
323 1727 468 1815 Πρόθοος
490 1731 567 1807 θοός
589 1729 777 1815 ἡγεμόνευεν.
821 1735 1061 1813 Hpanastrophes
1087 1756 1148 1796 non
1175 1757 1285 1798 nomen

102 1839 157 1898 sed
177 1858 267 1899 usum
288 1858 417 1918 eumque
433 1840 661 1900 Ciceronianum
683 1839 876 1916 reprehendit
892 1837 1095 1912 Quintilianus
1117 1841 1170 1916 IX,
1186 1844 1215 1916 4,
1228 1846 1284 1902 41:

103 1942 276 2016 ,videndum
304 1942 393 2002 etiam
421 1962 460 2003 ne
487 1944 620 2018 syllabae
649 1943 733 2003 verbi
760 1944 867 2019 prioris
894 1943 1018 2003 ultimae
1051 1948 1082 2004 et
1102 1945 1216 2022 primae
1239 1963 1285 2006 se·

102 2039 224 2123 quentis
246 2047 307 2105 sint
329 2047 466 2106 eaedem:
499 2047 579 2124 quod
600 2047 728 2124 nequis
757 2047 890 2123 praecipi
920 2047 1060 2122 mireum,
1095 2047 1231 2108 Ciceroni
1254 2050 1287 2108 in

103 2149 237 2227 epistolis
259 2149 385 2209 excidit:
406 2167 455 2209 res
476 2149 552 2209 mihi
572 2150 688 2210 invisae
710 2150 792 2210 visae
815 2154 887 2210 sunt
908 2150 1008 2224 Brute,
1031 2156 1061 2209 et
1083 2151 1116 2208 in
1139 2152 1286 2213 carmine:

103 2250 128 2311 Ο
149 2253 329 2312 fortunatam
349 2258 449 2312 natam
470 2272 519 2313 me
542 2253 665 2312 consule
686 2253 819 2315 Homam’
842 2253 878 2313 of.
901 2253 1036 2312 Diomed.
1059 2271 1087 2329 p.
1111 2257 1183 2330 466,
1209 2260 1235 2315 1.
1250 2256 1286 2316 Κ.

102 2355 248 2417 Eiusdem
269 2358 383 2432 figurae
405 2374 494 2416 usum
509 2356 719 2433 Vergilianum
742 2357 892 2433 vituperat
908 2357 1031 2417 Servius
1053 2356 1091 2415 ad
1105 2356 1197 2433 Verg.
1212 2361 1287 2418 Aen.

103 2458 144 2533 H,
166 2463 223 2519 27:
247 2458 362 2532 ,Dorica
382 2464 485 2520 castra.
522 2459 602 2519 Malo
624 2465 670 2519 est
691 2460 864 2537 compositio
886 2461 923 2519 ab
945 2478 981 2520 ea
1004 2460 1120 2534 syllaba
1141 2461 1286 2537 incipere,

103 2580 163 2639 qna
183 2563 325 2639 superior·
339 2563 442 2622 finitus
464 2568 511 2623 est
533 2581 637 2622 sermo,
659 2582 729 2622 nam
743 2563 921 2641 plerumque
938 2564 1143 2640 coccmpbotou
1164 2565 1234 2624 facit
1256 2571 1288 2624 ut

104 2665 161 2725 hoc
182 2650 263 2725 1000:
301 2666 337 2727 ef.
360 2665 445 2725 naa.
468 2666 538 2743 cap.
561 2670 639 2741 433,
663 2672 697 2744 73
720 2669 794 2742 ιιι,
818 2670 867 2727 οι.
889 2667 945 2744 Η.;
979 2667 1050 2726 rau.
1074 2670 1145 2742 με,
1174 2671 1201 2728 a.
1217 2667 1288 2771 up

87 2815 96 2825 ·
189 2782 330 2845 Alterum
352 2790 453 2845 autem
475 2804 571 2862 genus
587 2781 800 2866 ἕναναστροφὴ
824 2781 914 2846 acad
937 2790 1037 2847 κῶλα
1059 2789 1092 2845 in
1107 2790 1288 2864 repetitione

104 2887 155 2947 vel
175 2888 308 2947 ιίιιείουι
321 2889 399 2947 ναοί
413 2889 592 2965 continetur,
614 2889 715 2949 Herm.
738 2910 768 2950 π.
792 2888 828 2948 ld.
846 2883 883 2947 α’.
908 2909 935 2966 p.
952 2893 1023 2964 286,
1047 2894 1080 2950 2;
1104 2890 1224 2969 ,γίνεται
1247 2891 1288 2962 δὲ,

104 2985 176 3050 ὅταν
198 2985 230 3050 τί
247 2988 327 3063 τέλος
348 2995 401 3051 τοῦ
424 2986 520 3052 κοίλου
536 2989 636 3069 ἑτέρου
659 2986 754 3051 κοίλαν
769 3014 812 3063 τις
834 2988 929 3071 α’ρχῆν
945 2987 1122 3070 ποιήσηταί,
1146 2995 1196 3053 vel
1211 2995 1289 3053 ctus-

103 3093 170 3152 dem
190 3096 353 3172 amputas,
375 3115 403 3174 p.
427 3099 499 3171 rao,
523 3098 580 3155 12:
603 3090 643 3169 ,τε
668 3081 724 3154 οὖν
745 3094 791 3170 (Π.
816 3089 845 3154 α
867 3093 955 3172 aaa:

193 3364 220 3433 1)
237 3367 287 3419 τοῦ
319 3362 523 3434 ἐπιφερομένου
547 3363 635 3418 κώλου
661 3380 844 3433 perperpcram
866 3367 953 3434 posita
975 3382 1033 3420 csse
1050 3381 1098 3434 pro
1122 3370 1171 3436 τῆς
1194 3365 1289 3437 έπιφε-

108 3446 227 3519 ρομένης
244 3447 340 3517 λέξεως
357 3448 480 3519 exempla
498 3450 600 3504 docent.
734 3460 737 3465 '

175 3552 203 3623 2)
221 3551 261 3607 De
273 3554 477 3623 epanaslrophes
495 3552 567 3607 κατὰ
579 3551 715 3623 συλλαβήν
732 3569 791 3622 usu,
810 3554 933 3622 quoniam
946 3554 1070 3621 pennulti
1088 3555 1208 3609 homines
1221 3557 1292 3610 docti

82 3644 85 3649 '
107 3638 302 3707 quaesiverimt,
312 3657 389 3694 nemo
399 3656 490 3694 eorum
501 3639 923 3708 epanastrophcsnomenrccepit.
946 3639 1112 3694 Adrianus
1125 3641 1293 3696 Turnebus

104 3725 209 3780 advers.
222 3725 283 3795 VH,
304 3733 344 3794 19,
363 3725 482 3780 etPetr.
501 3725 674 3779 Victorius
696 3741 748 3779 vor.
764 3726 790 3778 et
808 3726 859 3779 ant.
872 3725 932 3778 loct.
950 3725 1030 3794 xvi,
1051 3731 1096 3796 19,
1114 3727 1148 3782 ad
1159 3727 1237 3780 illum
1254 3730 1292 3783 fa-

105 3827 211 3865 mosum
228 3811 361 3866 Ciceronis
379 3828 486 3866 versum
505 3810 534 3880 ,Ο
553 3812 712 3866 fortunatam
729 3810 826 3866 natam'
846 3812 912 3879 etqs.
932 3811 964 3865 de
986 3811 1131 3866 iteratione
1148 3815 1292 3868 earundem

106 3897 271 3966 syllabarum
292 3899 451 3965 momorant;
467 3897 604 3952 Fulvius
622 3898 765 3952 Ursinus
785 3897 870 3967 ,Verg
890 3897 948 3952 coll.
967 3899 1055 3966 script.
1080 3899 1170 3955 Graec.
1199 3900 1236 3952 ill.
1260 3902 1293 3955 ad

106 3983 181 4037 Aen)
199 3984 233 4053 H,
252 3990 294 4054 27,
312 3984 463 4053 νακόφαεα
475 3984 615 4052 vituperat.
641 3984 792 4038 Muretus
811 3986 901 4038 autem
917 3984 952 4038 ad
969 3984 1024 4038 l'ib.
1042 3985 1064 4052 I,
1085 3991 1107 4050 1,
1127 3989 1182 4038 bet
1194 3993 1217 4055 7,
1237 4004 1290 4056 ,ap-

107 4072 191 4140 paret,
208 4071 304 4140 inquil,
323 4071 395 4125 hunc
413 4073 516 4139 poetam
535 4070 691 4141 elegantiam
711 4070 842 4140 quandam
858 4072 966 4138 putasse
984 4086 1043 4124 esse
1060 4071 1089 4123 in
1101 4073 1221 4125 eiusdem
1239 4073 1294 4141 syl-

36 4170 39 4175 ·
108 4155 184 4210 labae
202 4159 355 4212 continuata
372 4158 535 4227 repetitione,
554 4159 586 4210 ut
604 4173 684 4226 supra
701 4155 744 4209 Me
762 4171 838 4209 mea:
857 4159 884 4209 ot
900 4173 970 4211 nunc
988 4157 1046 4225 ipse
1066 4173 1163 4210 seram:
1182 4161 1209 4210 et
1232 4175 1295 4212 mox

54 4306 57 4313 Ι
107 4240 195 4297 Roma
211 4260 306 4298 manu:
325 4246 351 4297 et
368 4244 442 4306 infra,
461 4242 545 4296 multa
556 4242 654 4296 tabella
671 4245 698 4295 et
710 4242 782 4296 sicca
794 4242 867 4296 canis
885 4244 913 4294 et
924 4245 978 4296 tam
990 4243 1082 4296 multis
1095 4242 1161 4296 loeis
1173 4244 1295 4312 denique,

108 4329 141 4381 ut
158 4330 267 4398 constet,
285 4330 336 4383 hoc
348 4345 401 4382 non
413 4344 477 4383 casu
495 4327 541 4380 sed
554 4327 643 4382 dedita
655 4344 733 4396 opera
750 4327 866 4382 factum’.
890 4327 955 4382 Post
973 4345 1052 4397 quem
1064 4329 1295 4384 Broulrhusius

108 4414 145 4469 ad
160 4413 215 4467 'lib
234 4415 256 4481 I,
276 4421 299 4482 1,
318 4420 343 4481 3,
359 4411 577 4482 protectionem
594 4413 683 4481 posuit
706 4414 735 4466 in
751 4413 796 4466 Me
813 4430 881 4481 mea,
899 4414 1045 4482 codemque
1067 4415 1196 4468 vocabulo
1213 4417 1297 4469 utitur

108 4499 282 4554 Giffanius
308 4502 337 4553 in
363 4500 433 4554 Conl.
458 4497 631 4553 Lucretianis.
668 4498 890 4553 Adtittcratc'om's
913 4516 976 4554 vero
1001 4501 1117 4554 secunda
1138 4501 1240 4567 species
1268 4503 1296 4553 in

110 4602 166 4639 una
182 4588 315 4654 postrema
337 4589 416 4656 atque
438 4585 522 4641 altera
543 4587 628 4654 prima
653 4584 794 4655 syllabae
815 4586 946 4642 Haalnio
964 4587 1097 4639 cernitar.
1121 4583 1224 4634 mxx.
1236 4584 1329 4633 maa„

109 4688 138 4738 p.
157 4674 209 4725 380
224 4687 280 4741 sqq.
1127 4750 1152 4795 z
