2858 5010
10 39 1008 293 u

603 602 879 697 -15-.

118 778 245 840 homoei'
267 798 379 856 genera
400 779 433 838 in
454 779 587 839 medium
608 784 708 839 vocat:
738 780 944 857 ‘parhomoeon
966 784 1024 854 est,
1053 798 1122 839 cum
1143 780 1232 839 verba
1253 781 1304 839 vel

119 884 242 943 nemina
268 883 424 961 paululum
454 883 567 942 inflexa
595 887 626 942 et
652 887 753 943 tamen
772 870 865 960 propo
887 883 1002 942 statilio
1031 883 1232 961 superioribus
1260 884 1305 943 in·

118 987 263 1063 feruntim
284 990 319 1046 ut
341 983 380 1062 (V
381 1004 441 1062 erg.
462 987 537 1046 Aen.
560 985 613 1061 IV,
629 983 678 1062 3):

205 1106 301 1166 Multa
321 1106 379 1167 mii
400 1106 497 1167 uirtus
519 1107 618 1166 animo
640 1107 813 1185 multusque
840 1111 973 1167 recursat
995 1106 1101 1167 (tentis
1122 1107 1216 1167 honos
1239 1108 1301 1166 ...’
1378 1112 1381 1117 '

119 1226 200 1304 quod
221 1244 318 1303 genus
350 1227 506 1304 pareohesi
535 1227 726 1287 tribuendum
752 1245 819 1287 esse
844 1228 1028 1304 videbimus3
1059 1232 1100 1301 ‘et
1125 1227 1213 1288 aliter
1239 1247 1305 1305 par-

120 1331 267 1391 homoeon
288 1330 340 1405 fit,
362 1348 430 1391 cum
452 1331 543 1390 verba
565 1330 703 1390 similiter
724 1331 880 1408 incipiunt,
902 1335 936 1390 ut
999 1414 1009 1435 ·
1184 1328 1185 1332 ’

275 1466 414 1526 Machina
434 1466 530 1527 multa
551 1467 654 1527 minax
675 1468 806 1551 minatam
814 1465 836 1544 ¹)
859 1469 989 1528 maxima
1010 1469 1121 1529 mmis’.

120 1602 160 1663 nt
181 1604 241 1663 iam
261 1608 331 1664 ante
354 1623 405 1664 eos
427 1605 539 1665 Marius
561 1606 676 1666 Plotius
700 1603 749 1682 [M.
773 1603 926 1682 Claudius]
950 1625 1018 1680 sac,
1048 1607 1099 1683 qui
1121 1606 1305 1665 Diocletiano

120 1708 297 1785 imperatore
319 1708 377 1767 fuit
400 1708 587 1785 tparhomoei’
616 1710 747 1769 similem
774 1708 928 1769 constituit
955 1709 1161 1769 definitionem
1188 1728 1216 1786 p.
1232 1712 1305 1782 458,

123 1813 172 1870 29.
187 1810 239 1870 K:
263 1829 300 1888 ίρ.
324 1815 379 1885 est,
402 1830 470 1871 cum
493 1813 654 1872 multorum
675 1813 833 1872 verborum
845 1812 1029 1873 diversorum
1050 1812 1136 1871 initia
1158 1813 1305 1872 similibus

121 1913 230 1973 litteris
252 1914 459 1991 profeumtur,
486 1920 521 1974 ut
542 1933 637 1988 ‘casus
660 1915 826 1976 Cassandra
848 1915 979 1976 canebat’
1008 1920 1039 1976 et
1067 1915 1144 1974 illud
1166 1915 1306 1993 ‘Clitipho

120 2017 245 2076 consilia
260 2019 404 2097 consequi
419 2018 594 2079 consimih'a’
610 2018 650 2095 (V
650 2038 711 2096 erg.
723 2020 798 2079 Ae‘n.
810 2020 867 2093 111,
882 2022 952 2093 183,
968 2018 1032 2079 Ter.
1044 2019 1151 2079 Heaut.
1166 2023 1236 2080 209.
1248 2017 1305 2095 Ul.

122 2119 316 2196 Singularem
344 2121 443 2181 locum
476 2123 591 2182 obtinet
618 2123 781 2182 Martianus
815 2123 951 2199 Capella,
984 2122 1036 2200 qui
1069 2123 1107 2182 de
1140 2123 1307 2182 litterarum

121 2223 297 2284 assiduitate
318 2224 352 2283 in
373 2225 474 2285 odium
495 2226 623 2303 repetita
644 2227 777 2302 cogitans
807 2225 951 2285 discernit
978 2227 1058 2285 inter
1085 2227 1305 2303 materiatarum,

121 2311 581 2403 commemorabam·
608 2334 762 2406 praeterea
788 2328 1048 2404 bomoeopropbori
1076 2331 1250 2406 exemplum
1272 2329 1306 2404 ίΟ

121 2429 198 2490 'lite’
227 2435 301 2509 etqs.
334 2431 439 2493 adfert.
494 2432 616 2493 Summa
648 2435 748 2492 autem
781 2432 915 2491 omnium
932 2414 1067 2500 ‘illamam
1099 2433 1305 2493 definitionum

123 2533 198 2594 haec
220 2538 283 2595 est:

208 2671 442 2733 Homoeoaroton
463 2675 505 2748 fit,
527 2673 665 2751 quotiens
680 2671 783 2750 bma2)
806 2674 855 2733 vel
876 2675 1027 2734 ternave]
1048 2674 1135 2751 plura
1157 2675 1248 2734 verba
1269 2676 1306 2735 ab

122 2775 238 2835 eisdem
259 2775 367 2852 primis
388 2776 496 2836 litteris
518 2776 568 2836 vel
589 2776 714 2853 syllabis
736 2774 925 2854 incipiunt.³)

211 2977 237 3043 1)
255 2975 393 3031 minitatur
410 2991 460 3029 cm.
478 2976 597 3031 Naelrius
613 2993 639 3046 p.
658 2980 717 3030 332.
844 3036 849 3053 ,

210 3062 238 3130 2)
256 3061 406 3133 Namucum
424 3061 560 3116 Charisius
578 3062 691 3132 omnia,
709 3061 744 3115 M.
764 3062 891 3117 Claudius
909 3061 1017 3130 ‘mutat
1035 3063 1154 3116 Donatus
1163 3063 1306 3133 Pompeius

125 3147 255 3216 diversa,
272 3147 415 3202 Diomedes
438 3149 543 3202 omnino
567 3147 662 3218 ‘verba'
686 3148 809 3202 similiter
831 3148 948 3216 incipere
970 3150 1105 3217 moneant,
1128 3149 1306 3220 Hermogenes

123 3233 189 3287 satis
206 3233 287 3287 habet
305 3233 406 3302 duplici
423 3234 545 3303 exemplo
563 3235 765 3288 homoeoaroton
782 3235 945 3289 inlustrasse.

210 3318 236 3388 3)
251 3317 502 3390 Ὁμοιόαρκτον
514 3320 595 3390 igitur
605 3319 765 3374 vocabulum
776 3321 848 3374 idem
860 3321 992 3393 significat
1003 3322 1073 3390 quod
1086 3323 1155 3390 apud
1165 3322 1306 3377 Germanos

123 3404 318 3474 Adummim
335 3422 421 3474 neque
433 3422 498 3474 opus
510 3408 550 3461 est
558 3406 717 3460 vocabulum
735 3423 858 3475 quaerere
867 3408 964 3460 mirum
976 3410 1104 3476 quantum
1117 3409 1306 3463 conformatum

122 3494 154 3545 ut
170 3490 290 3559 Machlyi
307 3489 578 3561 (ὁμοιοκέφαλοπὲ
597 3491 639 3561 (Ν.
651 3491 722 3547 SM.
735 3498 809 3547 1864.
828 3510 853 3562 p.
863 3495 932 3561 210).
980 3493 1202 3547 Adlitterottboic‘s
1219 3497 1307 3549 autem

122 3593 176 3631 non
192 3593 246 3631 una
263 3577 379 3631 definitio
397 3577 467 3646 apud
484 3566 614 3632 nostrates
632 3581 713 3632 extat.
749 3579 819 3633 Nam
842 3580 966 3648 quoniam
990 3580 1008 3632 J
1014 3594 1037 3632 o.
1055 3580 1072 3632 J
1077 3596 1123 3633 ov.
1141 3580 1307 3635 Pontanus

122 3663 152 3717 in
169 3662 273 3733 dialogo
291 3664 338 3732 qui
355 3663 507 3718 inscribitur
524 3664 618 3717 Actius
636 3682 660 3732 p.
682 3669 738 3717 128.
757 3664 817 3717 Ald.
848 3665 1011 3734 ‘illiteratis'
1030 3665 1189 3719 vocabulmn
1207 3669 1306 3736 primus

122 3749 218 3818 posuit
236 3749 437 3804 adlitterationis
457 3766 554 3803 nomen
577 3764 623 3818 per
641 3749 692 3804 tria
712 3751 766 3803 fere
789 3750 894 3805 saccula
917 3750 1087 3820 delitescens,
1109 3753 1190 3806 huius
1208 3753 1307 3807 saeculi
1385 3734 1393 3763 ’

122 3835 199 3888 initio
209 3835 242 3890 ab
253 3834 300 3889 iilo
313 3834 501 3890 Germanarum
512 3835 659 3890 litterarum
671 3836 789 3904 principe
798 3836 822 3890 J.
834 3835 985 3891 Grimmio
1002 3837 1031 3890 in
1042 3837 1130 3891 lucem
1138 3841 1306 3907 protractum,

124 3919 186 3974 inde
204 3921 275 3990 apud
292 3937 391 3989 emmae,
410 3921 456 3990 qui
472 3922 537 3975 buic
554 3922 593 3975 rei
610 3938 716 3990 operam
734 3923 870 3991 dcdeumt
888 3924 1024 3991 usibtum,
1043 3924 1161 3978 diversos
1178 3925 1307 3979 inmodos

123 4006 260 4061 definitum
278 4007 321 4062 vel
339 4008 419 4061 etiam
437 4007 535 4062 omissa
552 4008 702 4062 definitione
720 4009 753 4062 ab
771 4008 830 4062 aliis
848 4010 877 4062 in
891 4009 975 4064 oliam
993 4010 1151 4064 sententiam
1169 4012 1307 4079 acceptum

123 4095 170 4148 est.
189 4092 356 4148 Pontanus
373 4095 461 4147 autem
479 4092 496 4146 1.
514 4093 532 4146 l.
552 4093 599 4162 ‘lla
615 4094 702 4164 igitur,
722 4095 780 4148 sive
797 4096 888 4164 figma,
907 4096 964 4149 sive
983 4097 1089 4150 ornatus
1108 4096 1307 4149 condimentum

123 4179 199 4247 quasi
217 4179 349 4248 quoddam
366 4179 483 4233 numeris
501 4178 590 4248 affert,
614 4179 703 4248 piacet
720 4185 812 4234 actoru
829 4183 975 4235 manicare
993 4180 1219 4250 Alliterott'oncm,
1238 4182 1309 4250 qood

123 4281 137 4318 c
154 4264 299 4319 literarum
316 4263 450 4319 abusibus
467 4265 586 4320 constet'.
613 4265 746 4335 Intellegit
757 4269 845 4321 auteur
864 4267 1079 4336 ‘alliterationem’
1098 4271 1126 4320 et
1143 4269 1175 4320 de
1187 4269 1263 4322 initio
1281 4272 1308 4322 et

123 4351 265 4406 demedio
289 4354 316 4405 et
337 4353 370 4405 de
391 4352 443 4406 fine
469 4352 609 4405 verborum
635 4352 760 4406 similiter
786 4354 933 4407 efferendis.
978 4353 1048 4407 Nam
1074 4370 1234 4422 quamquam
1260 4355 1307 4408 ad·

121 4432 290 4492 litterationis
307 4436 377 4492 hanc
395 4437 575 4493 definitionem
592 4437 697 4492 statuit:
726 4437 776 4508 ‘Fit
793 4439 883 4508 itaque
900 4441 928 4493 in
946 4455 1038 4507 versu,
1057 4440 1160 4508 quoties
1178 4441 1308 4494 dictiones

123 4525 289 4579 confinuatae
311 4523 356 4578 rol
378 4524 454 4579 binae
478 4524 523 4578 vel
547 4527 635 4579 ternae
661 4525 696 4580 ab
718 4525 814 4579 iisdem
840 4526 933 4594 primis
957 4526 1173 4592 consonantibusq
1199 4527 1308 4580 mutatis

122 4608 264 4679 aliquando
281 4609 429 4681 vocalibus,
454 4614 501 4668 aut
523 4611 556 4669 ab
578 4611 678 4669 iisdem
698 4611 837 4685 inciq'iunt
855 4610 972 4684 agbabis
991 4615 1044 4666 aut
1061 4610 1098 4664 ds
1112 4610 1223 4659 'iissem
1231 4606 1340 4666 qim
