2858 5010
648 633 862 696 -25-.

165 808 216 870 καί
237 804 270 870 ni
285 814 427 871 συνεῖναι
448 804 622 889 ἀνθρώποις
645 803 834 881 ἀσπάζεσθαι
857 808 1090 889 φιλανθρωπίαν
1112 802 1279 886 ὠνόμασεν,
1309 794 1366 870 οδ

164 912 275 992 κυρίως
295 909 350 991 μέν
372 911 421 973 ἐπὶ
443 907 550 973 τούτου
577 905 825 993 τοῦπράγματος
847 905 941 990 οέίσης
968 915 1020 991 τῆς
1042 908 1160 985 λέξεως,
1189 905 1231 972 ἐπ’
1256 906 1346 973 tillon

165 1010 221 1097 γάρ
243 1009 357 1087 τάττειν
375 1010 527 1094 εἰώθαμεν
549 1010 603 1093 τήν
626 1015 874 1094 φιλανθρωπίαν,
903 1014 1013 1094 κυρίως
1033 1012 1133 1093 μέντοι
1154 1037 1217 1088 πως
1240 1016 1345 1094 σημαί-

119 1164 125 1173 .
165 1140 227 1181 υτον
248 1113 281 1180 vu*
304 1120 443 1200 npdypot’.

251 1222 387 1299 Alterum
410 1241 520 1299 μοκυε,
551 1222 631 1298 quod
657 1222 690 1281 in
717 1223 874 1285 verborum
899 1222 1091 1298 ambiguitate
1123 1223 1272 1298 oonsistit,
1305 1226 1347 1298 fit,

165 1327 304 1405 quotiens
325 1326 468 1387 vocabulo
490 1325 581 1385 aliem
602 1325 690 1385 modo
709 1326 828 1403 proprie
843 1325 975 1385 adhibito
989 1331 1054 1385 tum
1069 1327 1165 1385 subito
1180 1345 1215 1386 ae
1229 1331 1347 1403 praeter

165 1430 336 1507 opinionem
358 1431 417 1489 alie
439 1429 583 1488 subicitur
604 1429 759 1488 sententia.
782 1429 882 1489 Herm.
905 1449 933 1506 p.
951 1431 1021 1504 326,
1039 1430 1072 1488 5:
1095 1425 1204 1508 ιἕτερον
1219 1424 1253 1487 δέ
1268 1423 1346 1500 εἶδος

166 1529 351 1611 δριμύτητος,
374 1527 414 1592 vl
441 1529 482 1591 ἐκ
504 1530 811 1611 παρονομασίας,
834 1525 960 1592 ..ὅταν
982 1530 1076 1614 κυρίῳ
1103 1529 1161 1590 τινί
1183 1525 1306 1609 ὀνόματι
1327 1525 1346 1611 ή

166 1629 273 1715 ρήματι
301 1630 481 1717 χρησάμενοι
508 1626 555 1695 εἶτ’
586 1628 682 1706 εὐθιίς
705 1628 844 1712 ἑπόμενοι
872 1628 966 1718 τούτῳ
993 1628 1188 1715 χρησώμεθα,
1217 1632 1269 1694 καί
1298 1632 1346 1710 ἐφ’

166 1725 266 1817 οὗιμή
290 1732 396 1818 καίριόν
418 1736 479 1799 ἔστι
501 1732 680 1819 πράγματος.
704 1730 778 1812 οἷον,
802 1737 897 1817 (Dem.
918 1740 996 1799 Phil.
1017 1738 1074 1814 HI,
1099 1743 1147 1813 17,
1169 1758 1197 1817 p.
1223 1736 1297 1813 115)
1321 1738 1348 1798 εἰ

158 1837 207 1920 μή
231 1839 282 1903 καὶ
296 1837 424 1914 rods-roi
447 1835 698 1920 μηχανήματα
721 1835 897 1916 ἐφιστάντας
913 1835 1036 1921 εἰρήνην
1052 1834 1135 1922 ίίμειν
1152 1835 1270 1919 φήσετε,
1293 1838 1347 1914 ἕως

128 1972 131 1977 ·
166 1939 205 2005 δν
227 1939 322 2005 αὐτοὶ
344 1950 407 2018 τοῖς
428 1944 552 2023 τείχεσιν
574 1937 633 2023 ήδη
656 1941 902 2025 προςαγάγωσιν’.

176 2112 178 2117 ,
251 2042 319 2119 Hire
340 2049 462 2128 quidem
484 2052 612 2126 spectet,
639 2048 719 2127 quod
740 2049 917 2110 Aristoteles
939 2049 996 2109 Rh.
1019 2048 1077 2125 ΠΙ,
1094 2053 1143 2124 11,
1164 2068 1194 2126 p.
1212 2052 1281 2109 127.
1297 2048 1346 2125 Sp.

165 2158 308 2226 memorat
328 2149 398 2232 περὶ
420 2154 471 2224 τοῦ
494 2145 607 2211 καινοί
635 2141 777 2231 λέγειν·
800 2149 859 2226 ,καὶ
881 2145 898 2212 δ
922 2149 996 2233 λέγει
1022 2145 1181 2232 Θεόδωρος
1202 2145 1234 2211 τὸ
1258 2144 1347 2210 καινοί

164 2252 266 2336 λέγειν.
286 2255 421 2336 ’γίγνεται
443 2249 485 2327 δέ,
508 2247 580 2314 ὅταν
595 2248 767 2334 παράδοξον
790 2241 821 2337 ᾖ,
844 2252 896 2314 καί
918 2249 958 2332 μή
985 2248 1023 2325 ὡς
1039 2251 1249 2334 ἐκεῖνοςλέμει
1271 2247 1348 2333 πρδς

165 2352 220 2436 τήν
247 2355 419 2438 ἔμπροσθεν
449 2350 555 2430 δόξαν,
589 2349 650 2416 ἄλλ’
683 2350 781 2437 ὥσπερ
811 2356 842 2417 οἱ
870 2354 902 2416 έν
924 2361 985 2427 τοῖς
1013 2355 1139 2437 γελοίοις
1167 2352 1202 2415 τοί
1225 2378 1346 2435 παρα-

165 2459 418 2539 πεποιημένα,
453 2453 526 2541 ὅπερ
557 2454 682 2519 δύναται
709 2458 761 2520 καὶ
794 2455 829 2520 εδ
864 2454 960 2541 παροδ
993 2453 1147 2540 γράμμα
1179 2453 1347 2536 σκώμματα.

165 2561 296 2648 ἐξαπατᾷ
318 2560 386 2645 μοίρ.
403 2562 459 2637 ,καί
480 2562 513 2624 έν
527 2568 589 2636 τοῖς
603 2561 733 2643 μέτροις·
755 2557 792 2624 οὗ
807 2559 875 2644 γὰρ,
898 2558 996 2643 ὥσπερ
1019 2557 1035 2624 ὁ
1052 2557 1172 2623 ἄκου’ων
1184 2555 1346 2639 ὑπέλαβεν·

165 2665 282 2745 ,ἔστειχε
304 2661 332 2726 δ’
348 2665 422 2746 έχων
450 2661 509 2728 ὑπὸ
537 2664 645 2728 ποσσὶν
674 2666 809 2746 ηίμετλα’,
836 2659 853 2728 δ
878 2661 982 2751 δ’ᾥετο
1009 2664 1114 2726 πέδιλα
1141 2663 1228 2746 ἐρεῖν.
1257 2658 1347 2724 τὰδὲ

165 2763 248 2848 παρὰ
274 2764 395 2851 γράμμα
425 2775 506 2831 ποιεῖ
531 2763 584 2848 οὐχ
611 2764 628 2831 δ
652 2768 727 2852 λέγει
748 2768 858 2852 λέγειν,
887 2764 949 2830 ἀλλ’
975 2763 992 2830 δ
1015 2766 1207 2849 μεταστρέφει
1233 2763 1346 2846 ὄνομα.
1417 2748 1422 2757 “

165 2874 297 2935 Revoout
317 2879 416 2936 autem
437 2876 515 2935 hune
536 2875 667 2952 speeiem
681 2875 719 2934 ad
733 2875 914 2952 parilitatem
929 2874 994 2934 soni
1008 2874 1166 2933 verborum
1180 2872 1345 2948 ποτίσταται,

34 3028 45 3035 .
165 2977 322 3039 sedidem
342 2979 473 3039 verbum·
488 2979 584 3040 semel
605 2983 721 3039 tantum
742 2979 873 3056 positum
895 2982 955 3038 eet:
978 2969 1052 3050 ιοἷον
1075 2969 1107 3035 τὸ
1123 2968 1283 3054 Θεοδώρου
1306 2973 1347 3047 εἰς

169 3079 295 3141 Νίκωνα
319 3075 493 3165 κιθαρῳδὸν
514 3076 676 3160 θράττει
699 3082 747 3140 σε’
769 3083 805 3142 ef.
827 3082 896 3141 adn.
918 3081 1029 3158 Speng.

250 3185 322 3245 Poet
343 3185 564 3264 Hermogenem
584 3174 774 3246 Phoebamo‘n
802 3191 834 3246 et
855 3184 990 3246 Tiberius
1018 3182 1190 3245 huiusmodi
1216 3181 1346 3258 argutias

164 3290 386 3367 paronomaeiee
410 3291 532 3350 nomine
559 3295 746 3350 notaverunt.
793 3288 900 3367 Neque
928 3289 1168 3348 Phoebamonem
1195 3285 1347 3363 praeteriit

164 3393 243 3453 hano
256 3393 402 3467 rationem
416 3387 558 3471 πλοκήν
578 3393 726 3471 attingere
748 3413 776 3470 p.
793 3394 864 3468 500,
882 3396 930 3468 10,
952 3391 1160 3472 παρονομασία
1176 3387 1209 3449 δέ
1225 3385 1285 3447 ἔστι
1300 3433 1307 3447 .
1320 3434 1345 3446 ..

165 3492 251 3567 θέσις
284 3499 336 3572 τῆς
367 3490 458 3574 αὐτῆς
485 3494 588 3569 λέξεως
621 3490 666 3556 ἐπ’
704 3491 793 3557 ι’ίλλου
827 3493 878 3555 καὶ
911 3488 1000 3555 ίίλλου
1030 3490 1249 3572 σημαινομένου
1282 3490 1346 3550 κατ’

165 3594 329 3681 ἐναλλαγήν
351 3602 405 3660 τοῦ
427 3603 491 3675 νοῦ,
514 3593 654 3676 δπλοκῆς
671 3597 765 3659 ἰ’διον’.
796 3599 855 3660 Sed
869 3600 954 3676 ploce
969 3599 1103 3674 argutiae
1118 3615 1179 3656 non
1193 3600 1348 3672 captantur
1387 3668 1392 3680 θ

164 3703 201 3763 of.
224 3722 253 3781 p.
269 3705 319 3765 35.
363 3702 499 3765 Tiberius
520 3709 621 3764 autem
642 3703 732 3781 plane
762 3720 802 3762 ex
822 3701 1012 3777 Hermogene
1034 3700 1148 3778 pendet
1171 3719 1200 3778 p.
1223 3700 1346 3774 556,1;

164 3808 216 3881 ‹fl-
241 3803 273 3866 δέ
288 3803 377 3878 ἐστιν,
398 3800 470 3881 ὅταν
486 3803 703 3887 προειρημένου
717 3808 771 3865 τοῦ
786 3804 893 3884 κυρίου
915 3798 1112 3889 παρονομάση
1126 3824 1170 3875 τις
1185 3795 1278 3861 αὐτοῦ
1293 3795 1347 3878 τήν

165 3906 356 3995 revendid-
454 3936 457 3941 ·
728 3982 732 3988 .

251 4014 483 4074 Parouomosr'ue
512 4007 606 4073 κατδι
629 4010 750 4086 λέξιν,
784 4032 874 4091 quae,
903 4018 937 4072 ut
958 4016 1006 4073 est
1026 4010 1105 4088 apud
1126 4009 1348 4085 Hermogenem

164 4136 193 4194 p.
216 4119 294 4193 325,
318 4119 355 4178 15
390 4110 699 4196 ,καθὀμοιότητα
729 4113 864 4189 λέξεως
903 4113 1042 4193 ἐμφαίνει
1075 4107 1140 4172 τινδ
1175 4104 1347 4190 δριμύτητα,

165 4221 272 4280 bonam
286 4220 491 4282 definitionem
513 4221 616 4282 statuit
637 4220 810 4281 Alexander
831 4239 859 4296 p.
871 4223 943 4293 477,
959 4222 992 4279 3:
1016 4219 1067 4290 ιΠ.
1084 4212 1251 4296 dipteron,
1274 4207 1347 4274 ὅταν

165 4344 193 4381 τι
219 4326 276 4383 τῶν
305 4321 483 4400 ληφθέντων
514 4324 555 4395 εἰς
584 4318 638 4401 τήν
666 4317 803 4383 διάνοιαν
833 4315 987 4401 ὀνομάτων
1020 4313 1039 4397 ἢ
1069 4313 1208 4396 ρίημοίτων
1231 4311 1346 4397 βραηδ

167 4421 514 4504 μεταποιήσαντες,
546 4423 646 4507 έτέραν
678 4420 844 4504 κινήσωμεν
873 4423 1010 4484 έννοιαν’.
1054 4422 1201 4500 Exempla
1226 4425 1349 4481 sumunt

166 4530 374 4608 Hermogenes
396 4549 434 4592 ex
455 4532 540 4592 Dem.
563 4530 666 4592 Ohere.
688 4550 716 4608 p.
740 4533 790 4605 96,
809 4533 860 4589 22.
878 4528 913 4589 B.
942 4523 1046 4605 ,μέλλει
1067 4529 1251 4602 πολιορκεῖν,
1278 4516 1350 4591 rode

158 4627 306 4711 Ἕλληνας
327 4631 500 4697 ἐκδίδωσιν·
530 4630 636 4717 μέλει
662 4627 722 4721 γάρ
750 4656 813 4697 τινι
842 4625 960 4695 rodeno
988 4621 1179 4690 ninu'Autoo
1210 4612 1382 4676 etauio-ono
