2858 5010
659 908 823 1007 Vita.

240 1276 334 1336 Nauis
357 1294 422 1335 sum
449 1270 618 1335 Ludovicus
645 1276 802 1335 Buchlrold
829 1295 854 1334 a.
882 1276 910 1336 11.
938 1275 991 1335 ΙΧ.
1014 1275 1079 1335 Kal.
1101 1275 1167 1335 Iun.
1197 1295 1222 1335 a
1251 1278 1284 1339 h.
1313 1296 1338 1338 s.

154 1379 209 1439 LX
230 1381 263 1438 in
285 1380 409 1439 Hassiae
431 1398 522 1456 pago,
550 1380 602 1457 qui
624 1378 803 1439 Ossenheim
825 1384 960 1454 roseum,
988 1385 1070 1456 patre
1091 1378 1204 1439 Ioanne
1226 1380 1337 1441 Iaeobo

154 1488 247 1545 matre
272 1483 443 1543 Elisabetha
470 1502 508 1543 ex
538 1488 627 1558 gente
649 1483 861 1557 Koehleriana‚
890 1502 964 1559 quos
986 1483 1086 1542 ambos
1115 1483 1213 1543 adhue
1235 1485 1337 1545 salros

155 1605 220 1646 esse
244 1587 329 1646 valde
352 1587 474 1664 gaudee.
507 1586 592 1647 Fidei
614 1586 749 1646 addictus
769 1605 835 1646 sum
857 1587 1056 1663 evangelicae.
1091 1586 1200 1646 Primis
1222 1588 1337 1648 littera-

153 1709 220 1749 rum
241 1691 418 1750 rudimentis
441 1690 677 1766 aludimagisnn
693 1690 937 1750 Ossenhemiensi
958 1692 1186 1768 linguarumque
1208 1691 1336 1753 Latinae

153 1799 183 1853 et
205 1794 336 1854 Graecae
358 1814 375 1852 a
397 1798 480 1871 patre
503 1794 634 1853 imbutus
653 1796 681 1853 h.
705 1813 727 1854 s.
749 1795 794 1883 ¹ab
815 1813 893 1854 anno
915 1794 1189 1855 LXXII-LXXV
1215 1795 1336 1855 scholae

153 1916 228 1974 quae
251 1898 359 1957 dieitur
380 1898 454 1957 reali
468 1896 696 1975 Friedbergensi
717 1899 847 1958 interfui.
893 1898 985 1958 Cuius
1006 1899 1079 1957 anni
1100 1899 1198 1957 hieme
1215 1897 1335 1973 (lissam

55 1996 59 2003 '
152 2020 200 2061 ma
211 2002 325 2061 annulli
336 2001 460 2079 eiusque
475 2001 557 2061 urbis
568 2002 601 2061 in
616 2002 806 2078 gyrmrasium
816 2002 956 2079 receptus
972 2020 1047 2062 sum.
1070 2003 1158 2061 Anno
1170 2000 1335 2061 LXXVHI

150 2105 328 2167 mausitans
350 2105 552 2164 testimonium
574 2105 699 2183 adeptus
723 2106 849 2165 ateiris
871 2106 1038 2166 academiae
1060 2105 1211 2166 &assensis
1236 2106 1335 2165 factus

151 2209 330 2285 philologiae
353 2228 400 2269 me
423 2209 523 2268 domui
551 2214 638 2286 atque
661 2210 762 2268 audivi
784 2210 863 2269 viros
891 2211 1036 2269 inlustres
1059 2209 1239 2269 Clemmium
1260 2209 1334 2267 Phi-

151 2311 278 2388 lippium
290 2311 466 2389 Onelrenum
477 2312 664 2372 Vullersium
675 2330 729 2389 per
740 2331 892 2390 unmnque
904 2332 1015 2373 annum
1027 2313 1108 2372 adfui
1119 2313 1334 2390 proseminario

152 2414 355 2475 Schulthessio
377 2421 498 2475 rectore.
535 2416 588 2475 Bis
603 2417 811 2476 senonensibus
826 2418 969 2477 confectis
981 2418 1090 2477 almam
1105 2416 1333 2476 universitatem

150 2518 340 2595 Lipsiensem
361 2520 437 2594 adii,
470 2520 522 2579 nbi
549 2538 603 2596 per
631 2524 768 2597 qualium
800 2540 893 2580 annos
923 2522 1044 2581 interfui
1068 2520 1177 2579 scholis
1199 2519 1333 2578 virorum

150 2622 386 2682 doetissimonun
408 2623 538 2697 Braunii‚
561 2622 744 2698 Overbeekii‚
767 2623 978 2697 Hildebrandi,
1001 2623 1185 2697 Drobisehii,
1208 2622 1332 2699 Veigtii

149 2726 253 2802 lipsii,
276 2727 379 2800 Curtii,
401 2726 517 2803 Langii,
532 2727 696 2802 Ribbeekii,
718 2727 848 2803 Heinaii‚
863 2728 1040 2803 Eeksteinii,
1063 2726 1209 2800 Zanrekii,
1225 2725 1332 2785 Gardt-

147 2829 287 2903 hauseni,
320 2831 427 2907 quibus
457 2832 593 2890 omnibus
621 2831 729 2906 gratias
758 2836 789 2891 et
821 2850 902 2890 nune
930 2852 985 2908 ago
1013 2838 1044 2891 et
1072 2849 1192 2907 semper
1213 2830 1329 2889 habebo

149 2951 238 3009 quam
260 2934 412 2993 mammas.
