2858 5010
652 341 866 405 ,22-

169 514 302 591 ττώσεις’
323 520 400 579 nihil
422 518 505 579 aliud
526 517 696 595 significare
717 522 842 595 possunt
863 537 898 578 ee
919 518 1033 578 similes
1059 534 1236 595 quamquem
1268 516 1354 575 vario

169 625 255 685 modo
277 623 439 685 declinatas
460 623 569 683 formes
592 621 726 683 eiusdem
748 622 878 682 nominis
899 623 950 682 vel
972 621 1081 699 stirpis,
1125 619 1249 681 Aooedit
1271 620 1354 697 quod

169 726 343 806 exemplum
364 721 456 801 ιἄξιος
479 721 512 784 δὲ
535 727 685 802 σταθῆναι
711 727 848 802 χαλκοῦς,
872 718 929 786 οὖν
951 718 1033 796 ἄξιος
1055 715 1097 782 ὧν
1119 723 1238 800 χαλκοῦ’
1260 728 1292 782 et
1312 723 1353 782 ad

169 848 370 910 paregmenon
391 829 528 908 quadrat,
550 829 629 906 quod
650 830 741 889 rerba
762 830 799 889 ab
820 829 924 889 eedem
945 829 1037 905 su‘rgre
1059 827 1192 887 derivata
1213 831 1297 899 sunt,
1319 831 1354 886 et

168 936 207 995 ad
227 934 470 1013 paronomasiom,
492 932 571 1011 quod
592 931 674 993 idem
696 934 821 993 verbmn
842 932 965 1009 paulum
986 934 1132 991 mutatum
1146 930 1239 989 alium
1250 934 1354 990 movet

170 1058 299 1101 sensum.
337 1038 478 1100 Ceterum
500 1035 626 1112 vestigia
648 1054 705 1097 neo
719 1036 894 1113 paregmeni
916 1053 973 1094 nee
987 1033 1207 1112 paronomasiae
1229 1054 1255 1092 κ.
1272 1035 1352 1092 κῶλα

169 1161 242 1204 usus
263 1142 352 1220 plene
374 1140 484 1201 desunt
505 1139 584 1217 apud
605 1144 723 1200 ueteres
744 1144 855 1215 poetes.

256 1315 272 1386 ξ
291 1318 317 1374 7.
352 1312 499 1372 Secuntur
520 1312 642 1389 figmue,
664 1329 738 1388 qaae
752 1310 875 1371 maaian
897 1310 936 1369 ad
949 1308 1179 1369 similitudinem
1200 1308 1354 1386 quasdam

169 1418 323 1478 verboram
345 1416 514 1492 pertineat:
548 1414 594 1492 (Ι.)
613 1414 780 1491 permiseras
809 1410 870 1490 (Π.)
887 1413 1103 1490 paronomasia
1132 1409 1208 1491 (ΠΙ.)
1223 1411 1354 1488 parison

171 1516 246 1597 (IV.)
263 1538 464 1597 paregmerroa
484 1516 544 1595 (V.)
558 1519 735 1595 polyptoton.
772 1519 870 1595 Atque
893 1519 968 1578 haee
990 1517 1120 1595 quaem,
1142 1516 1168 1576 si
1190 1515 1261 1576 lieet
1281 1533 1353 1591 geo-

170 1624 292 1684 metrioo
314 1623 454 1700 exemplo
475 1623 528 1695 uti,
551 1622 713 1698 comparari
733 1627 858 1698 possunt
880 1640 949 1681 oum
968 1622 1095 1696 orbibus
1117 1638 1243 1699 quorum
1264 1619 1298 1679 in
1319 1636 1353 1679 se

170 1728 297 1806 quisque
320 1728 410 1787 habet
432 1727 509 1785 elius
530 1729 644 1803 partem
663 1725 801 1803 aliquem,
823 1743 1001 1802 qrremquam
1016 1725 1093 1785 alius
1108 1724 1166 1783 aiio
1182 1728 1228 1783 est
1242 1727 1353 1783 centro.

171 1830 341 1892 Similitudo
363 1835 461 1890 autem
484 1847 520 1889 ea
542 1834 603 1903 est,
624 1833 659 1888 ut
680 1828 892 1889 diffieillimum
913 1829 953 1888 sit
974 1829 1037 1889 suis
1058 1845 1205 1907 quamque
1226 1829 1353 1903 figurem

172 1934 373 1996 determinare
396 1934 514 1993 finibus.
550 1934 649 2010 Atque
672 1932 762 1992 etiam
782 1937 908 2008 augetur
929 1931 1097 2005 difficultas,
1119 1928 1199 2010 quod
1219 1917 1354 1990 rhetores

170 2037 301 2098 minores
330 2056 399 2097 eum
426 2037 637 2115 pereeheseos,
664 2036 901 2113 paronomasiae,
934 2035 1040 2113 parisi,
1072 2040 1137 2095 tum
1170 2033 1354 2111 puregmeni,

169 2140 316 2219 polyptoti
350 2141 486 2200 notiones
520 2144 550 2200 et
582 2140 705 2199 nomina
738 2139 936 2199 confudenrnt
968 2144 1057 2218 etque
1096 2139 1353 2216 perturbaverunt.

171 2245 264 2305 Cuius
291 2245 336 2305 rei
363 2262 433 2304 oum
454 2262 535 2303 nuno
555 2248 665 2304 testem
693 2242 792 2303 adfero
819 2242 906 2319 Greg.
930 2242 995 2304 Cor.
1017 2241 1108 2303 sehol.
1136 2242 1176 2301 ad
1196 2241 1299 2301 Herm.
1322 2262 1353 2298 ττ.

173 2352 243 2425 μεθ.
267 2347 339 2408 δεον.
362 2347 468 2422 CXVI,
490 2346 560 2421 VII,
581 2365 609 2423 p.
624 2348 714 2407 1262.
730 2345 791 2406 W.:
825 2338 854 2421 (ἃ
879 2341 911 2405 δὲ
927 2349 983 2408 νῦν
1006 2338 1095 2416 αὐτὸς
1117 2342 1209 2426 λέγει,
1239 2337 1354 2422 πάρισα

170 2446 247 2523 τινὲς
276 2448 502 2529 παρονομασίαν
531 2443 687 2524 ἐκάλεσαν,
717 2441 799 2508 ἄλλοι
828 2444 860 2508 δὲ
883 2445 934 2509 καὶ
963 2442 1152 2528 παρήχησιν’,
1184 2454 1249 2509 tum
1275 2447 1355 2507 inira

170 2555 299 2633 amplius
321 2554 466 2614 rationem
487 2554 603 2613 tenebo.

255 2728 299 2787 Ae
320 2725 450 2802 primum
478 2724 599 2802 quidem
626 2718 667 2799 (Ι)
690 2716 854 2801 παρήχησις
880 2724 1058 2784 vocabulum
1086 2742 1146 2783 non
1173 2728 1234 2782 tam
1263 2740 1355 2805 saepe

169 2828 249 2908 apud
259 2828 435 2906 posteriores
448 2827 627 2888 Graecorum
640 2828 773 2887 rhetores
788 2826 949 2903 invenitur,
971 2845 1060 2906 quam
1071 2827 1210 2903 Maehlyo
1224 2824 1263 2904 (p.
1276 2823 1354 2901 221)

169 2933 270 2993 visum
291 2936 351 3009 est3
374 2930 429 2992 sed
450 2936 606 3009 postquem
620 2930 824 3007 Hermogenes
846 2927 915 3007 περὶ
938 2923 1080 3009 εὑρέσεως
1101 2931 1121 2990 l.
1136 2930 1189 2990 IV.
1211 2930 1354 3008 paroche-

170 3054 237 3097 seos
259 3036 321 3094 vim
343 3053 378 3095 ae
399 3035 550 3095 notionem
573 3035 733 3109 constitut,
755 3033 1000 3110 aposterioribus
1020 3035 1189 3095 rhetoribus
1211 3052 1272 3093 non
1293 3034 1355 3094 nisi

169 3140 203 3200 in
225 3138 445 3200 commentariis
474 3139 511 3198 ed
533 3138 636 3198 Herm.
658 3139 677 3197 l.
700 3138 720 3196 1.
749 3154 816 3198 eam
844 3139 971 3214 figurem
995 3138 1028 3198 in
1049 3137 1280 3215 disputationem
1302 3137 1355 3197 de-

170 3244 289 3304 duotam
311 3261 378 3303 esse
392 3242 543 3319 ridemus5
566 3246 597 3303 et
610 3242 644 3301 in
659 3241 869 3303 commentario
884 3259 937 3301 suo
952 3242 991 3302 od
1001 3240 1163 3301 Homerum
1177 3240 1354 3301 Eusthatius

169 3364 394 3424 nonnumquam
426 3341 604 3424 παρήχησις,
643 3349 786 3424 ταρηχεῖν
820 3345 973 3406 vocabulis
1008 3345 1108 3405 utitur.
1169 3344 1228 3405 Sed
1262 3344 1354 3405 otiam

169 3451 344 3514 Husthatius
371 3468 410 3510 ex
437 3451 626 3527 Hermogene
653 3448 773 3529 pendet.
818 3447 903 3523 Quod
929 3450 988 3510 m'si
1020 3449 1080 3508 iam
1107 3449 1221 3508 dudum
1248 3452 1354 3508 notum

170 3560 250 3616 esset
271 3555 350 3615 inter
371 3553 508 3615 homines
530 3555 640 3630 doctae,
661 3552 727 3632 ipse
748 3571 787 3614 ex
801 3570 836 3613 ee
857 3572 890 3614 re
907 3553 986 3614 efflei
1000 3558 1109 3631 posset,
1132 3554 1212 3630 quod
1225 3551 1354 3612 Eusthe-

169 3659 239 3735 tius‘
258 3658 296 3717 ad
324 3658 438 3732 eedem,
467 3676 543 3737 quae
572 3658 778 3734 Hermogenes
809 3675 849 3717 ex
869 3656 998 3717 Homero
1027 3656 1182 3734 repetivit,
1205 3656 1353 3735 exemplo,

171 3762 224 3822 Od.
242 3755 283 3820 ω’.
300 3763 371 3837 465,
383 3762 419 3821 H.
435 3756 474 3832 ζ’.
492 3756 597 3836 2011),
612 3761 650 3821 de
664 3761 858 3838 pareeheseos
872 3760 952 3838 opud
963 3760 1126 3821 Homerum
1140 3778 1198 3819 usu
1213 3759 1353 3837 disputat.

256 3864 461 3941 Hermogenes
488 3864 595 3941 igitru,
624 3881 722 3943 aquo
750 3864 830 3924 notio
858 3863 943 3924 fliius
971 3865 1084 3942 figurae
1111 3862 1276 3941 repetenda
1298 3872 1353 3938 est,
1385 3864 1388 3869 ’

171 3990 201 4027 a.
225 3961 284 4046 εὕρ.
308 3967 361 4043 IV,
380 3973 406 4041 7,
429 3986 456 4044 p.
477 3970 547 4042 169,
565 3972 582 4028 7
603 3960 780 4046 '‘marignaag
803 3963 849 4039 δέ,
871 3967 978 4046 inquit,
1002 3964 1061 4027 ἔστι
1083 3960 1190 4037 κᾶλλος
1213 3960 1353 4042 ὁμοίων

171 4064 328 4147 ὀνομάτων
351 4067 383 4129 ἐν
399 4064 534 4152 διαφόρῳ
556 4064 662 4151 γνώσει
684 4063 792 4130 ταύτὸν
815 4064 982 4149 ἠχούντων·
1004 4069 1116 4151 γίνεται
1139 4065 1181 4140 δὲ,
1204 4063 1275 4130 ὅταν
1298 4063 1354 4130 δύο

171 4166 284 4251 (τρεῖς
307 4165 486 4253 ἢτὲσοαρας
501 4169 590 4245 λέξεις
612 4166 780 4251 (ὀνόματα
796 4172 864 4257 ring}
886 4195 930 4245 τις
952 4167 1065 4251 ὅμοια
1087 4169 1152 4252 μὲν
1175 4166 1352 4251 ἠχοῦντα,

230 4331 263 4397 1)
281 4335 437 4407 eademque
455 4338 582 4413 exempta
597 4340 706 4415 profert
721 4341 756 4399 sd
775 4340 808 4397 11.
827 4362 854 4397 α.
874 4344 935 4395 eat.
