2858 5010
603 651 816 715 ..75-

121 828 223 905 Neque
244 827 323 904 qaod
344 826 486 903 dubitem,
508 847 599 905 cepoe
620 829 699 906 qudi
718 829 847 905 timeam,
868 830 901 888 in
922 830 1042 906 pectore
1064 827 1216 888 conditum
1230 830 1299 886 edn-

889 932 1027 993 1111111111.

121 1034 219 1093 Facile
240 1038 274 1092 iii
296 1034 422 1109 vincam,
445 1035 532 1112 focile
560 1039 595 1096 ait
617 1037 743 1115 spoliem
770 1055 852 1097 meos
874 1036 1039 1114 perduellis
1061 1037 1137 1096 meis
1156 1034 1298 1115 perfidiis.

207 1155 244 1214 In
265 1155 400 1216 iambicis
422 1156 561 1231 senariis,
590 1157 730 1234 quoniam
757 1175 879 1217 caesura
901 1157 1027 1232 obstitit,
1056 1152 1106 1218 hio
1135 1175 1208 1216 usus
1234 1168 1300 1215 raro

121 1260 171 1318 vel
193 1259 312 1318 omnino
327 1277 388 1317 non
405 1259 572 1319 invenitur:
595 1262 767 1338 exemplum
781 1261 902 1338 quidem
917 1280 977 1322 non
991 1261 1024 1320 in
1038 1265 1176 1339 promptu
1196 1259 1300 1318 habeo.

121 1363 158 1421 In
187 1349 360 1421 trochaicis
373 1363 551 1440 septenariis
580 1364 697 1441 saepius
730 1363 819 1424 etiam
845 1365 935 1426 tertia
967 1364 1086 1443 dipodia
1114 1340 1301 1442 epanaphora

120 1465 363 1526 afficitur1Men.
387 1470 465 1528 403:

251 1586 343 1663 Soipc
364 1587 473 1663 tritam,
496 1591 581 1665 saepe
603 1590 712 1664 fissam,
734 1593 819 1666 saepe
841 1562 998 1650 excossam
1019 1589 1135 1649 milleo.

120 1707 153 1764 in
174 1707 268 1766 tribus
297 1708 432 1768 versibus
461 1709 609 1789 contiguis
637 1692 726 1770 Poem
748 1709 773 1786 I,
796 1713 900 1772 52-4
931 1707 1010 1788 (cum
1037 1710 1357 1786 1111111111»-

120 1807 267 1888 tiatione):
516 1794 520 1801 ’

162 1931 231 1990 Mic
252 1933 397 2011 voluptas,
419 1936 501 1992 miae
522 1932 656 2009 deliciae,
677 1937 746 1994 mic
767 1935 925 2011 1111,1111
946 1935 1122 1995 amoenitas!

163 2034 249 2094 Meos
271 2037 393 2112 ocellus,
415 2041 518 2096 mium
539 2038 690 2112 labellum,
712 2042 780 2098 mio
801 2039 891 2114 salus,
912 2058 1012 2099 meum
1035 2039 1162 2099 sirium!

162 2139 265 2198 Miam
286 2141 354 2215 mel,
376 2159 477 2200 meum
498 2159 556 2216 cor,
578 2145 646 2201 mio
667 2142 806 2202 colostra!
829 2146 914 2202 miae
936 2143 1106 2202 molliculus
1128 2142 1247 2201 ciseus!

205 2259 400 2337 Epanaphora
428 2253 508 2319 καθ’
540 2253 741 2338 ἡμιστίχια
768 2263 854 2323 iamb.
888 2267 961 2339 sept.
987 2262 1099 2338 legitur
1131 2262 1213 2320 Asin.
1237 2261 1297 2321 561

120 2358 199 2438 (cum
221 2363 376 2441 quadrupl.
398 2382 483 2442 epan.
507 2386 533 2424 κ.
557 2357 599 2424 it.
622 2363 691 2442 στίχ.
715 2367 878 2442 561-64;
909 2366 1015 2426 eadem
1036 2383 1121 2443 epan.
1143 2384 1169 2422 κ.
1192 2357 1233 2422 it.
1256 2379 1300 2420 στ.
1370 2412 1373 2417 .

121 2463 297 2542 ota-ib:
902 2550 909 2559 Ι

295 2587 352 2648 Ubi
372 2587 516 2649 fidentem
536 2589 729 2666 fraudaveris,
750 2590 802 2649 obi
816 2608 873 2651 ⁴ero
894 2578 1027 2650 infidelis
1047 2587 1149 2649 iteris.

205 2706 243 2765 In
263 2709 287 2767 Ι.
310 2709 346 2766 V.
362 2728 425 2769 ars.
446 2711 538 2771 trech.
562 2716 636 2788 sept.
670 2712 752 2789 Capt.
775 2711 917 2772 903-5:

253 2829 371 2898 0111111111
391 2832 493 2907 pernis
514 2832 609 2909 pestis
630 2831 743 2909 reniet,¹
761 2835 874 2908 quieto
895 2832 978 2891 labes
1000 2829 1101 2904 lerido,

253 2931 504 3001 1111111111
525 2935 695 3010 ibsumedo,
716 2939 829 3012 quieto
851 2935 926 2995 callo
948 2933 1107 3006 calamitas,

253 3034 371 3103 01111111
391 3038 481 3099 laniis
502 3039 655 3114 lassitudo,
676 3042 790 3116 pairac
810 3037 992 3117 porciniriisa

125 3128 130 3139 ⁶
206 3155 243 3214 In
265 3157 363 3217 cretio.
386 3162 464 3218 tettr.
496 3160 603 3237 Amph.
627 3163 704 3220 22οτ

433 3280 589 3357 Dispertiti
610 3281 668 3340 viri
689 3280 835 3357 dispertiti
856 3280 985 3341 ordines.

207 3399 244 3457 In
266 3417 343 3459 vers.
366 3401 482 3460 hexam.
515 3400 592 3495 Eun:
615 3421 684 3461 amr.
707 3403 763 3463 53:

253 3520 291 3578 Τά
312 3521 375 3580 sale
397 3526 472 3580 nata·
486 3539 591 3598 precor
611 3522 725 3597 Venus,
748 3526 775 3582 ti
796 3520 934 3600 genetrix
954 3519 1046 3598 patris
1067 3517 1169 3578 nostri.

209 3615 302 3680 Καθ’
329 3617 441 3694 ὅλους
464 3622 625 3701 στίχους.

207 3744 297 3803 Iamb.
315 3754 416 3805 senar.
439 3764 479 3805 ex
499 3743 557 3805 inc.
579 3746 638 3806 inc.
660 3748 695 3806 tr.
719 3750 768 3807 61.
792 3748 849 3806 621

354 3866 421 3926 Vidi
441 3871 472 3928 te
494 3866 607 3944 Ulixes,
629 3870 701 3927 siro
724 3870 907 3926 sternentem
928 3863 1065 3938 Hectora,

354 3969 421 4029 Vidi
441 3976 595 4048 tegentem
617 3972 713 4048 clipeo
735 3970 861 4030 classem
882 3968 1028 4028 Derioam.

207 4089 298 4148 Iamb.
322 4094 397 4166 sept.
430 4091 513 4151 Asin.
537 4090 608 4152 581.
631 4094 672 4152 82
696 4088 742 4168 (of.
767 4092 923 4150 561-64.
948 4085 1122 4165 569-74);
1145 4174 1153 4189 ..

281 4209 317 4269 Ui
338 4210 534 4272 idsimidabat
555 4212 696 4273 Saiticam
717 4211 787 4272 med
809 4213 885 4285 esse,
907 4228 996 4287 quam
1018 4188 1127 4270 facete:

281 4314 317 4375 Ui
337 4316 509 4376 memoriter
522 4335 578 4407 ¹me
602 4316 743 4377 Satream
763 4316 887 4376 vocibat
907 4314 1078 4409 atriensem.

207 4433 312 4496 Trooh.
334 4441 409 4514 sept.
442 4436 526 4497 Asin.
552 4439 621 4498 159.
644 4440 699 4498 601
771 4416 775 4421 ’
876 4504 880 4513 ,

164 4548 231 4633 'Epo
252 4559 303 4635 pol
324 4559 416 4619 istum
437 4558 611 4637 portitorem
632 4558 753 4636 privabo
774 4557 911 4635 porterio.
1286 4610 1290 4617 .

165 4653 232 4736 'Epo
253 4667 284 4723 te
306 4662 415 4722 dehinc
436 4666 470 4721 ut
490 4661 621 4721 merita’s
642 4660 679 4721 de
702 4679 750 4721 me
772 4665 803 4721 et
823 4663 891 4721 mei
911 4678 945 4720 re
966 4663 1092 4720 tractare
1114 4661 1251 4735 exequar.
