2858 5010
609 616 819 680 „83-

163 787 299 867 Namque
320 789 358 849 de
380 789 432 849 illo
455 791 603 851 sirbditiro
627 792 714 853 Sosia
736 793 873 852 mimimst
894 793 999 852 nimis:

166 892 253 952 Certe
277 893 314 952 de
335 893 410 953 istoc
432 889 658 971 ‘Amphitruone
680 896 740 956 iam
762 897 888 956 eltemm
909 898 1047 957 rnirr'rmst
1067 900 1174 975 magis.

208 1013 377 1089 Trisylleba
399 1014 483 1074 Cure.
507 1019 567 1076 331
592 1035 650 1094 sq.;
674 1016 753 1076 Trin.
777 1021 839 1078 849
862 1035 921 1094 sq.;
944 1017 1023 1078 Men.
1048 1022 1109 1079 208
1132 1037 1192 1097 sq.:
1261 1042 1263 1049 ·

126 1134 223 1194 Scires
245 1135 324 1195 velle
347 1135 472 1211 gretiam
493 1139 590 1196 tuem:
614 1136 711 1197 noluit
732 1138 910 1210 reserem,

123 1217 163 1298 Ut
186 1239 274 1299 decet
295 1239 375 1298 velle
398 1239 550 1300 hominem
572 1241 701 1301 amioum
722 1242 816 1300 amieo
838 1245 927 1318 atque
949 1241 1130 1318 opituldrier.
1141 1239 1162 1320 1)
1200 1319 1201 1322 Ἴ
1261 1311 1265 1324 ¹

122 1342 226 1400 Dieam
248 1344 284 1401 ab
306 1361 341 1402 eo
363 1343 483 1402 homine
506 1362 554 1403 me
576 1345 737 1422 e‘teeepiese7
759 1363 849 1423 quem
872 1346 927 1421 ego
950 1345 1002 1423 qui
1024 1345 1063 1404 sit
1080 1346 1166 1405 homo
1188 1346 1303 1404 neseio:

122 1444 227 1522 Neque
250 1446 320 1505 novi
342 1465 440 1523 neque
461 1449 550 1506 retus
573 1465 669 1508 neone
691 1448 791 1522 fierit,
813 1448 844 1506 id
867 1449 960 1507 solide
982 1449 1051 1507 seio.

123 1548 196 1608 Iirbe
218 1549 310 1624 igitur
330 1550 425 1610 tribus
447 1550 533 1611 nobis
556 1554 628 1628 aput
648 1555 679 1611 te
701 1551 860 1628 prendium
881 1551 1059 1626 adommim,

122 1646 229 1729 'Atque
251 1654 364 1730 aliquid
386 1655 626 1733 seimmentomm
647 1655 685 1715 de
707 1654 769 1714 foro
792 1654 974 1715 obsonatrier.

206 1771 359 1848 Bieyllabe
373 1779 442 1835 ente
461 1775 765 1859 eaeeuremloeantur.
800 1776 883 1836 Cure.
899 1779 1062 1853 288-913
1079 1775 1159 1836 Men.
1175 1779 1302 1853 813sq.;
1404 1762 1407 1767 ’

122 1876 212 1936 Poen.
235 1877 287 1952 IV,
304 1881 332 1952 2,
350 1881 409 1938 104
425 1897 483 1957 eq.;
505 1878 595 1939 Mero.
618 1882 681 1940 851
697 1897 755 1956 erp:

166 1997 242 2056 Tr‘rm
264 1998 315 2057 isti
337 1998 442 2058 Graeci
464 1999 581 2077 palliati
602 2000 699 2078 eripite
722 2003 833 2076 operto
846 1999 897 2077 qui
920 1999 1080 2074 ambulant,

167 2099 224 2174 Qui
245 2102 387 2161 incedunt
409 2103 594 2162 suffiroinoti
614 2105 683 2162 esim
706 2103 798 2177 libris,
820 2121 888 2162 eum
910 2103 1060 2179 sportrnr'S,

168 2204 311 2264 Constant
332 2209 491 2265 consertmt
513 2224 665 2266 sermones
686 2208 766 2274 inter
787 2224 852 2266 sese
873 2205 1033 2282 drepetae:

166 2301 300 2367 'Obstant
322 2309 469 2369 obsistimt
489 2308 652 2369 intendunt
673 2312 743 2369 erim
764 2308 827 2368 suis
849 2289 1014 2368 sententiis.
1024 2307 1045 2384 2)

166 2410 215 2470 Me
237 2430 335 2489 neque
358 2413 409 2472 isti
430 2410 508 2472 meite
531 2413 638 2472 feeiese
658 2412 786 2487 mfflieri,
808 2431 885 2491 quoe
907 2430 955 2471 me
977 2411 1075 2488 arguit

167 2515 253 2574 Hine
275 2516 360 2575 domo
382 2518 418 2576 ab
440 2534 473 2576 se
494 2516 687 2593 sirbmpuo'ese
709 2513 817 2593 [neque
839 2515 949 2575 vidisse
972 2533 1103 2592 unquam
1123 2511 1285 2590 intidheo}
1363 2593 1366 2600 Ι

167 2616 244 2677 Nem
266 2623 297 2678 et
318 2620 375 2679 hoe
396 2620 481 2680 docte
503 2620 746 2679 consulendomst
767 2623 826 2698 que
847 2620 934 2679 modo
956 2619 1196 2692 concreditumst,

164 2715 212 2781 ‘nt
232 2722 309 2780 fflud
331 2728 381 2782 aut
401 2723 651 2783 inservierdrrmst
673 2723 833 2784 consitium
854 2723 1055 2783 vernenuium.

165 2820 299 2900 'Egomet
320 2826 394 2884 mihi
417 2828 515 2886 eomes
537 2828 656 2903 celator,
679 2829 779 2905 equor,
801 2845 890 2904 agaso
912 2845 987 2901 sum,
1010 2825 1153 2901 {mmigem

163 2923 298 3003 'Egomet
319 2947 387 2988 sum
407 2930 482 2989 mihi
503 2933 662 3009 inperator,
684 2931 764 2990 idem
787 2934 905 3006 egomet
926 2930 969 2988 mi
990 2929 1120 2988 oboedio.

206 3049 244 3117 In
266 3051 325 3109 fine
348 3050 541 3111 dimetrorurrt
562 3050 817 3128 anapaestioorum
838 3049 915 3109 Enn.
937 3054 973 3109 tr.
996 3053 1036 3110 86
1052 3067 1128 3126 sqq.:

431 3154 515 3214 Haec
536 3154 637 3213 omnia
657 3153 739 3214 videi
760 3153 964 3228 inflimmoret',

434 3257 551 3317 Priamo
574 3257 605 3317 vi
625 3257 717 3316 vitam
739 3256 869 3332 evitaret,

431 3361 512 3420 Iovis
534 3363 613 3421 erem
635 3360 781 3436 sanguine
804 3359 941 3436 tsnporer‘.

206 3478 243 3537 In
265 3480 326 3539 fine
348 3480 438 3538 cretio.
463 3486 536 3540 tettr.
569 3481 654 3541 Most.
679 3482 739 3542 715
763 3498 822 3558 erp:

324 3583 390 3643 Hoe
412 3584 514 3644 hebet:
537 3585 656 3662 repperi
678 3586 731 3661 qui
752 3601 857 3643 senem
879 3582 1022 3655 dicerem,

326 3686 389 3761 Quo
412 3688 479 3747 dolo
501 3707 519 3747 a
540 3689 589 3747 me
611 3688 742 3747 dolorem
764 3685 868 3764 procul
889 3685 1036 3762 pellerem.

210 3855 235 3920 1)
254 3856 277 3906 Α
295 3853 400 3906 Loewio
417 3853 447 3906 hi
464 3869 558 3909 versus
569 3852 663 3907 Plauto
682 3852 855 3923 denegentur:
872 3850 1018 3904 retinentur
1035 3865 1051 3903 a
1068 3847 1210 3902 Ribbeekio
1228 3847 1298 3901 8.-Β.

122 3940 145 3993 d.
164 3939 188 3991 k.
207 3955 228 3994 s.
246 3940 277 3994 A.
297 3938 349 3993 vol.
369 3944 409 4007 31,
427 3957 452 4008 p.
471 3945 512 3994 85.

207 4025 233 4095 2)
252 4025 333 4079 Nullo
350 4028 428 4079 modo
446 4026 510 4080 licet
526 4026 574 4080 hos
592 4041 686 4080 versus
704 4023 842 4078 divellere:
865 4039 927 4078 nam
944 4024 1000 4076 tam
1017 4024 1087 4075 arete
1105 4021 1174 4074 inter
1191 4036 1219 4074 se
1237 4036 1298 4074 oon·

121 4111 204 4165 iuneti
226 4113 300 4179 sunt,
318 4127 371 4165 non
389 4111 475 4165 solum
498 4111 735 4166 homoeooataleoto
757 4108 852 4164 inoti
872 4114 930 4162 288.
949 4113 992 4174 89,
1014 4107 1092 4160 in-is
1110 4112 1168 4161 289.
1187 4113 1233 4175 91,
1251 4106 1299 4160 sed

121 4198 199 4252 etiam
216 4197 441 4253 homoeoeetareto
460 4203 519 4251 290.
537 4205 569 4252 91
589 4198 715 4253 Constant
732 4197 923 4251 0911991111·-
943 4192 1054 4248 Obsiant
1070 4193 1208 4261 obsistunt,
1227 4195 1258 4245 ut
1274 4193 1298 4245 si

120 4300 204 4336 unum
221 4284 337 4353 precene,
357 4300 448 4338 omnes
464 4301 559 4354 negare
578 4285 626 4339 tibi
636 4301 702 4354 opus
713 4284 755 4338 sit.
780 4281 911 4351 Equidem
923 4281 971 4334 hos
983 4296 1046 4333 rere
1058 4279 1196 4333 Plautinos
1205 4278 1297 4333 habeo

120 4369 240 4425 Loewius
258 4371 286 4423 in
304 4370 418 4425 editione
435 4373 463 4425 et
479 4370 548 4426 MuS.
561 4370 611 4424 Rh.
626 4377 667 4438 34,
685 4387 711 4440 p.
731 4375 789 4438 606,
807 4387 834 4423 v.
852 4374 903 4422 289
922 4383 938 4421 a
955 4365 1048 4421 Plauto
1067 4364 1206 4419 abiudieet.
1234 4363 1298 4417 Rib-

120 4456 230 4510 beokius
246 4473 336 4511 omnes
353 4458 449 4512 retinet
465 4457 483 4512 l.
501 4457 518 4511 l.
537 4475 562 4527 p.
577 4464 618 4525 89,
636 4474 680 4510 vv.
697 4462 756 4512 290.
774 4463 805 4509 91
826 4455 929 4510 scilieet
947 4453 1016 4506 inter
1032 4467 1061 4506 se
1079 4451 1187 4506 mutatis
1205 4453 1232 4504 et
1248 4456 1299 4504 290

121 4546 178 4594 term
197 4543 247 4610 qui
264 4560 310 4612 pro
322 4548 447 4598 comeant
457 4544 557 4614 positiS.
576 4543 699 4597 Ceterum
709 4560 735 4596 v.
745 4547 795 4596 291
808 4557 856 4612 pro
869 4535 1316 4594 norommeoonomnmneme-

120 4644 183 4681 num
201 4629 345 4684 interdum
358 4632 454 4701 recepi.
1090 4624 1099 4641 ·

1105 4702 1142 4753 ψ
