2858 5010
692 418 700 445 9

582 594 799 651 ..19-

93 760 164 843 γίας
185 759 304 832 ἐννοίας
326 757 567 838 έπεαολαιοτέρας
590 758 750 840 ἐξαγγέλλει
771 765 832 831 τοῖς
854 781 885 820 τε
907 760 1046 840 καρίσοις
1075 760 1125 822 καί
1148 756 1277 839 ὃμοιοτε-

94 858 209 935 λεόιοις
230 861 283 923 καὶ
303 856 566 942 όμοιοκατοίρκτοις
589 863 779 935 καλλωπίζων
802 858 903 924 διόλου
918 860 1092 944 προσκόροις
1107 865 1159 926 τὸν
1173 859 1282 944 λόγον’.

93 954 378 1029 Homoeoeataroton
398 971 499 1027 antem
512 972 564 1026 aut
586 959 856 1044 όμοιοκατοίληκτον
871 989 899 1028 κ.
916 960 1009 1046 ἀρχὴν
1023 971 1081 1028 τῶν
1098 962 1200 1028 κώλων
1215 985 1282 1029 esse

93 1075 208 1149 potest,
236 1090 306 1131 eum
335 1071 484 1131 varionnn
505 1072 636 1130 colorum
663 1069 759 1147 prima
781 1071 924 1130 voeabula
951 1072 984 1130 in
1006 1071 1127 1131 easdem
1152 1071 1283 1147 syssabas

93 1173 250 1253 desinunt3
272 1174 442 1235 consideres
464 1174 586 1252 quidem
607 1174 682 1232 haee
696 1174 825 1233 encomii
842 1175 980 1252 exemplo
993 1175 1158 1252 homoeopt
1174 1196 1202 1233 κ.
1219 1168 1281 1253 ἆρχ.

94 1298 120 1338 τ.
136 1298 165 1337 κ.
179 1296 208 1354 p.
225 1279 296 1355 550,
312 1279 348 1340 5:
371 1272 501 1355 κόσμιοι
523 1277 565 1348 είς
586 1269 657 1348 τοὺς
678 1274 831 1353 κοσμίους,
854 1271 978 1354 όίφοβοι
993 1277 1035 1349 είς
1050 1270 1120 1349 τοὺς
1135 1270 1282 1355 ἀφόβους,

95 1378 200 1441 δεινοὶ
222 1377 255 1440 έν
276 1385 339 1453 τοῖς
354 1380 478 1458 δεινοῖς
500 1400 528 1458 p.
545 1382 617 1454 550,
639 1383 695 1441 10:
727 1376 845 1457 σεμνοί
867 1375 922 1457 μὲν
944 1380 1017 1459 πρὸς
1038 1383 1107 1451 τοὺς
1128 1375 1221 1451 θεοὺς
1243 1383 1283 1462 τῷ

95 1480 211 1565 δικαίῳ,
232 1478 324 1545 ὅσιοι
346 1478 380 1545 δέ
399 1475 476 1564 πρὸς
503 1479 572 1555 τοὺς
594 1481 698 1554 τοκέας
720 1486 757 1567 τῇ
780 1482 946 1567 θεραπεία,
968 1481 1092 1543 δίκαιοι
1118 1476 1192 1562 πρὸς
1213 1474 1282 1553 τοὺς

95 1579 203 1657 ἆστοῖις
224 1589 264 1670 τῷ
279 1585 344 1670 ἴσῳ,
366 1581 498 1664 εὐσεβεῖς
521 1581 554 1646 δέ
576 1584 649 1664 πρὸς
671 1591 739 1657 τοὺς
755 1585 861 1661 φίλους
883 1589 920 1670 τῇ
937 1585 1032 1646 πίστει
1042 1584 1084 1664 ¹)'3
1106 1587 1282 1647 homoeotel.

94 1711 122 1749 κ.
146 1682 211 1768 όιρχ.
234 1710 259 1749 τ.
283 1712 311 1751 κ.
333 1708 363 1769 p.
380 1692 452 1766 549,
467 1694 503 1751 4;
526 1683 640 1750 λαθὼν
670 1685 725 1767 μέν
754 1689 808 1768 τὴν
837 1689 929 1751 θείαν
951 1687 1080 1767 νέμεσιν,
1109 1684 1226 1770 φυγὼν
1249 1686 1282 1749 δὲ

94 1793 148 1853 τὸν
170 1786 366 1871 όινθροότιινον
388 1788 527 1868 φθόνους
552 1828 591 1837 -
615 1798 667 1853 aut
688 1794 854 1855 similitudo
879 1795 1038 1855 verborum
1059 1795 1152 1854 maior
1173 1799 1221 1854 est
1243 1798 1281 1868 et,

94 1896 175 1973 quod
195 1897 317 1975 quidem
330 1898 508 1959 Aristoteles
530 1899 633 1973 vohrit,
655 1898 693 1957 ad
708 1904 767 1957 toto
782 1899 926 1958 voeabula
939 1898 1075 1978 pertinet.
1103 1899 1280 1958 Aristoteles

94 2001 177 2061 enim
202 2002 297 2061 utitur
318 2002 503 2079 oppositione
531 2002 587 2062 Rh.
602 2002 659 2076 HI,
682 2006 700 2061 9
730 2021 758 2079 p.
787 2006 863 2063 123:
893 1999 954 2076 ,καὶ
985 1995 1059 2081 ἁρχὴ
1087 1997 1141 2078 μὲν
1170 1995 1216 2060 dei
1245 1997 1282 2060 τὰ

93 2096 277 2179 ὀνόματα,
305 2097 324 2182 ἡ
348 2100 381 2163 δέ
407 2098 523 2182 τελευτὴ
547 2093 604 2176 ’τὰς
632 2098 754 2181 ἕσχοίτας
783 2099 985 2182 συλλαβας’.
1029 2104 1125 2179 Quam
1156 2105 1190 2163 in
1215 2123 1280 2165 rem

93 2206 262 2267 Aristotelis
289 2209 381 2269 etiem
407 2209 546 2287 exempla
572 2208 771 2269 converiunt:
805 2203 928 2288 ,ἀγρόν
961 2210 1017 2287 γὰρ
1049 2206 1136 2285 ἔλαβε
1165 2201 1280 2287 ἀργὸν

93 2310 164 2388 παρ’
187 2303 299 2389 αὗτοῦ’;
322 2311 521 2386 11.IX,526:
546 2310 715 2391 Δωρητοί
737 2332 767 2369 τε
789 2308 910 2370 πέλοντο
934 2304 1151 2390 παράρρητοί
1171 2311 1196 2368 τ’
1213 2307 1278 2370 ἐνιέ-

93 2428 185 2471 εσσιν.
209 2412 245 2473 cf.
268 2432 386 2492 quoque
401 2415 436 2474 ss.
454 2415 491 2491 V,
507 2418 585 2476 44οῑ
622 2407 704 2495 Φροί
712 2414 728 2486 ζ
734 2434 792 2486 εο,
823 2412 962 2490 Τυδείδη,
986 2410 1037 2472 καὶ
1059 2407 1182 2491 χάζεο,
1205 2408 1280 2490 μηδὲ

93 2519 223 2574 θεοῖσιν.

179 2619 407 2683 Paromoeoseos
429 2643 456 2680 κ.
479 2615 542 2700 ἆρχ.
573 2624 631 2680 τῶν
654 2615 756 2681 κώλων
784 2638 879 2698 genus
907 2622 1036 2681 adtemm
1065 2626 1111 2682 est
1133 2617 1186 2697 (Π)
1211 2616 1279 2678 έπ-

94 2717 289 2802 αναφορό;
317 2725 467 2801 signifieat
499 2730 598 2785 antem
620 2725 830 2803 repetitionem
852 2725 989 2785 eiusdem
1015 2726 1099 2785 verbi
1132 2725 1165 2783 in
1192 2724 1279 2783 initio

93 2825 230 2885 binorum
251 2827 302 2887 vel
322 2829 455 2905 plurium
475 2829 607 2889 eolorum
636 2834 867 2888 commatumve:
895 2829 1003 2888 Phoeb.
1026 2847 1055 2906 p.
1076 2831 1149 2901 499,
1174 2832 1200 2888 7.
1223 2826 1278 2901 W„

94 2927 191 2989 Tiber.
212 2947 242 3007 p.
265 2932 337 3007 558,
355 2936 404 3007 17,
431 2932 472 2991 Ιο.
489 2932 546 2992 Sic.
569 2951 597 3009 p.
612 2936 682 3007 197,
700 2938 717 2993 7
741 2938 772 2992 et
788 2935 859 3007 333,
875 2936 903 2993 8.
938 2931 997 2992 Sed
1018 2932 1132 2990 iuvabit
1153 2930 1279 2990 Henne-

93 3033 181 3108 genis
202 3032 406 3095 definitionem
433 3036 606 3111 enucleare,
634 3036 686 3112 qui
713 3037 750 3095 de
778 3035 948 3096 differentia
974 3035 1141 3111 parisoseos
1164 3055 1191 3093 κ.
1215 3026 1278 3112 ἆρχ.

92 3140 126 3196 et
146 3139 352 3216 epanaphoree
372 3157 520 3218 quaerens
542 3139 691 3199 variorum
711 3140 868 3218 utriusque
889 3141 1002 3216 figurae
1025 3156 1171 3215 generum
1192 3137 1278 3214 quasi

93 3257 240 3301 summam
268 3247 445 3319 persecutus
474 3248 527 3304 est.
571 3245 669 3322 Atque
696 3243 747 3303 hie
775 3262 804 3321 p.
828 3246 899 3317 284,
917 3245 972 3303 15:
1003 3239 1149 3320 ,διαφέρει
1172 3235 1204 3298 δὲ
1226 3243 1278 3317 τῆς

92 3337 284 3423 καρισεόσενις
313 3345 378 3404 κατ’
407 3339 499 3426 ίιρχοῖς
526 3345 559 3407 τὸ
580 3349 678 3425 σχῆμα
699 3349 800 3417 τοῦτο,
831 3332 852 3429 ᾗ
875 3342 938 3405 ἐκεῖ
969 3340 1024 3423 μὲν
1046 3335 1176 3423 συλλαβή
1200 3341 1279 3404 έστιν

92 3439 114 3524 ἡ
136 3439 212 3525 aivi}
234 3444 280 3507 ἐπ’
303 3448 420 3525 α’μφοῖν
442 3453 506 3509 τοῖν
521 3444 629 3510 κόλοιν
652 3448 707 3527 (=
721 3441 993 3529 ὃμοιοκατοίληκτον
1015 3470 1042 3506 κ.
1059 3440 1122 3527 όιρχ.
1146 3470 1170 3506 τ.
1186 3441 1278 3526 nodi),

92 3548 120 3608 ελ
141 3544 174 3608 δὲ
196 3548 249 3609 καὶ
269 3551 388 3623 πλείους
411 3551 467 3630 (--
488 3553 734 3614 homoeoeatoreti
756 3554 850 3613 altera
871 3552 961 3625 ratio,
991 3569 1081 3628 quam
1102 3551 1278 3611 Aristoteles

93 3651 215 3729 statuit),
237 3647 297 3714 ἀλλ’
323 3648 361 3716 οὐ
376 3649 466 3735 λόγου
487 3654 601 3736 γίνεται
622 3653 711 3736 μέρος
731 3649 893 3735 ὁλόκληρον
916 3654 970 3731 (=
985 3648 1186 3733 έκαναφοροί).
1217 3650 1278 3712 καί

92 3746 199 3834 όμὲν
222 3750 261 3817 ῖιν
282 3745 303 3843 ᾖ
327 3752 577 3839 ἐπαναφορὰ,
601 3755 989 3838 καὶκαρίσοισίςέστι
1011 3751 1030 3836 ἡ
1053 3750 1125 3818 κατ’
1153 3750 1276 3836 ἆρχός·

91 3851 108 3917 ό
133 3852 163 3917 δ’
188 3852 233 3921 ῖίν
254 3861 464 3942 καρίσιοσις
488 3849 507 3947 ᾖ
531 3857 610 3923 κατ’
637 3852 767 3943 ἆρχόις,
790 3855 921 3922 οὐκέτι
944 3858 1005 3921 καὶ
1029 3855 1276 3938 έπαναφοροῖ.

178 3963 390 4045 Epenephorae
422 3967 496 4027 dues
530 3968 660 4027 rationes
692 3966 847 4026 adumbret
881 3966 1055 4026 Alexander
1087 3983 1115 4043 p.
1139 3969 1201 4026 447
1225 3984 1277 4043 σο,

92 4085 218 4145 quarum
244 4088 305 4131 una
332 4066 406 4130 κατὰ
431 4067 530 4142 λέξιν
559 4076 641 4132 extet
670 4075 860 4148 nostramque
889 4071 927 4130 de
956 4088 1015 4147 qua
1035 4074 1124 4128 antea
1144 4069 1277 4128 diximus

92 4178 252 4250 exaequat:
282 4167 334 4249 ιἪ.
358 4169 450 4243 ἔστιν,
480 4166 552 4234 όταν
575 4168 635 4235 deod
664 4177 718 4233 τοῦ
742 4167 835 4233 αιἰτοῖι
858 4167 1003 4251 ὀνόματος
1014 4170 1040 4248 2)
1064 4164 1119 4231 δύο
1142 4164 1162 4250 ἢ
1185 4171 1276 4231 αλείοι

91 4277 174 4335 κῶλα
196 4268 343 4355 όρχιριαι’;
364 4278 457 4339 altera
479 4270 553 4337 κατὰ
576 4271 755 4338 διάνοιαν
777 4280 824 4352 fit,
852 4270 934 4351 ,όταν
957 4273 1005 4336 ἐκὶ
1027 4271 1104 4334 πολεῖ
1126 4274 1158 4334 τό
1181 4269 1276 4353 όνομα

94 4384 287 4395 ——--—-—...
290 4388 300 4394 -

179 4426 209 4493 1)
224 4424 276 4479 hoe
293 4426 374 4482 etiam
391 4427 504 4496 exempl.
522 4428 668 4495 homoeopt.
687 4447 712 4480 ιι.
732 4423 826 4491 τέλος
844 4446 866 4480 τ.
885 4446 910 4479 ιι.
933 4429 973 4479 est
996 4425 1053 4478 eius
1076 4424 1185 4478 rationis
1209 4440 1276 4491 quae

91 4526 144 4563 non
161 4510 190 4563 in
207 4512 315 4567 eosdem
333 4512 451 4581 syllabas
467 4514 573 4569 desinit.

177 4598 206 4665 2)
224 4596 367 4670 κόμματος
385 4598 465 4663 libre
485 4596 627 4670 ὀνόματος
643 4598 755 4653 minem.

1034 4688 1051 4737 2
1056 4684 1070 4713 U
