2858 5010
593 628 805 693 ,35-

199 804 284 863 Plora
306 809 340 863 ut
361 802 532 874 Alexandro
559 822 587 879 p.
611 806 688 877 479,
718 807 745 863 9.
761 802 821 879 W.;
855 803 982 880 Aquilae
1009 822 1037 881 p.
1062 808 1111 878 31,
1136 808 1170 879 73
1207 803 1291 863 Mart.

114 907 184 984 Gap.
211 925 240 984 p.
264 909 344 982 481,
378 909 411 980 8,
433 905 561 982 placuit,
593 906 796 983 repititionem
822 906 959 965 eiusdem
986 908 1071 989 verbi
1098 906 1179 965 vario
1201 924 1293 966 sensu

114 1009 272 1086 signifieat.
316 1009 404 1069 Alex.
426 1009 446 1067 l.
468 1009 503 1068 l.:
526 1005 586 1082 ,tat
606 1002 713 1068 rodaco
742 1011 795 1067 τοῦ
818 1003 963 1086 σχήματος
992 1015 1055 1079 ταῖς
1078 1003 1179 1079 αὐταῖς
1201 1005 1293 1080 λέξεσι

113 1106 258 1191 χρώμενοι
273 1105 431 1182 πλεονάκις
446 1108 529 1189 ἕτερα
546 1110 745 1188 σημαίνομεν’.
768 1112 878 1189 Aquila
892 1113 911 1170 l.
933 1112 968 1170 l.:
992 1105 1117 1189 ,Πλοκή,
1140 1112 1292 1188 copulatio.

115 1216 161 1276 ra
180 1217 276 1292 figura
296 1213 473 1275 elocutionis
493 1214 527 1272 in
548 1232 608 1291 qua
628 1212 710 1273 idem
729 1215 853 1274 verbum
874 1219 926 1273 aut
946 1232 1063 1289 nomen,
1085 1215 1131 1274 bis
1153 1215 1293 1274 continuo

115 1319 261 1396 positum,
294 1317 413 1377 diversa
434 1315 599 1393 signifieat’.
609 1312 632 1391 1)
656 1316 795 1377 Ceterum
824 1336 884 1377 non
911 1317 1107 1377 omittendum
1134 1322 1181 1377 est
1202 1318 1293 1377 Alex·

114 1421 241 1493 andrum
261 1421 281 1480 l.
303 1420 338 1479 l.:
372 1416 449 1498 ,aspi
477 1412 805 1496 ἆντιμεταθὲσεως
831 1412 850 1497 ἢ
879 1420 1109 1499 συγκρίσεως
1131 1414 1292 1500 (συγχωρή-

14 1595 20 1609 .
115 1540 199 1595 σεως,
221 1516 406 1604 συγχρήσεως
427 1539 455 1580 v.
476 1521 544 1580 adn.
567 1519 686 1598 Walzii)
707 1515 726 1598 ἢ
749 1524 860 1599 πλοκῆς
882 1540 1030 1599 quaerere.
1056 1538 1060 1551 ·

202 1693 398 1771 spoaodopsis
419 1693 498 1772 apud
520 1694 686 1771 complures
707 1694 842 1753 rhetores
863 1698 897 1753 ut
918 1713 963 1770 ap.
986 1694 1072 1754 Alex.
1094 1713 1122 1771 p.
1145 1697 1217 1767 444,
1242 1697 1290 1769 10,

13 1804 16 1809 '
61 1838 64 1843 -
115 1798 251 1858 latiorem
272 1797 421 1875 quandam
441 1797 531 1857 habet
552 1797 717 1872 notionem3
750 1796 831 1873 apud
853 1796 1020 1856 Charisium
1042 1802 1141 1856 autem
1170 1815 1197 1874 p.
1222 1800 1293 1871 281,

119 1905 167 1976 18,
189 1902 223 1961 et'
232 1900 408 1961 Diomedem
428 1918 456 1977 p.
472 1901 545 1975 445,
568 1903 618 1974 29,
640 1900 830 1976 epanalepsis
851 1900 1058 1976 repetitionem
1086 1899 1222 1959 eiusdem
1243 1918 1293 1958 vo·

17 2010 23 2021 ‘
114 2004 213 2063 cabuli
240 2005 274 2063 in
302 2003 388 2062 initio
415 2007 445 2065 et
472 2004 532 2061 fine
549 2002 732 2073 ,sententiae
759 2004 886 2062 alieuius
909 2004 1071 2080 signifieat3
1105 2020 1179 2080 quos
1209 2003 1294 2079 sequi

115 2106 197 2166 libet.
240 2106 299 2165 lul.
321 2106 420 2165 Rufin.
441 2102 537 2183 de,
555 2109 603 2179 19,
626 2106 752 2165 eandem
767 2125 831 2166 rem
845 2106 1077 2183 cpolmdiploea'a,
1098 2107 1294 2166 inclusionem

114 2210 252 2288 appellat.

637 2560 709 2645 (lap.
731 2560 772 2624 H.

116 2718 169 2799 De
186 2734 477 2819 paromoeoseos
495 2715 598 2817 apud
617 2684 769 2798 veteres
782 2696 1038 2798 Romanorum
1057 2718 1190 2819 poetas
1209 2738 1294 2800 usu.

346 2887 384 2951 A.
417 2886 463 2951 De
486 2887 689 2969 paromoeosl
711 2885 797 2950 κατὰ
820 2891 922 2970 μέρος
944 2884 1057 2971 λόγου.

490 3047 513 3105 Ι.
546 3047 591 3107 De
613 3044 922 3120 homoeoarot0.2)

202 3222 219 3290 ὅ
244 3221 292 3278 10.
326 3216 471 3292 Quoniam
492 3219 525 3276 in
545 3223 650 3277 natura
663 3237 885 3295 paromoeoseos
907 3218 999 3278 situm
1013 3223 1066 3291 est,
1088 3223 1121 3276 ut
1144 3237 1179 3278 ea
1201 3219 1295 3295 figura

115 3322 276 3399 praecipue
290 3321 466 3380 adhibeatur
480 3338 498 3378 a
512 3321 615 3397 poetis,
637 3322 775 3398 quotiens
790 3339 887 3380 sermo
908 3322 1018 3381 maiore
1034 3322 1161 3399 quodam
1182 3322 1296 3398 impetn

115 3429 205 3502 atque
227 3424 355 3484 elatiom
384 3425 505 3483 effertur
533 3424 731 3502 quotiensque
759 3425 849 3483 oratio
872 3442 961 3501 supra
985 3425 1149 3483 cotidianae
1172 3442 1295 3483 consue-

203 3657 229 3727 1)
247 3673 272 3727 p.
290 3661 337 3725 31,
364 3662 393 3710 8:
422 3658 461 3726 tut
477 3658 518 3709 est
535 3655 615 3709 illud:
642 3655 694 3708 Sed
716 3657 805 3709 tamen
831 3654 865 3708 ad
887 3654 965 3707 illum
987 3655 1057 3709 diem
1080 3654 1223 3709 Memmius
1241 3658 1296 3708 crat

115 3744 265 3798 Memmius.
302 3742 344 3797 Ita
361 3742 433 3795 enim
450 3741 500 3795 hoe
518 3741 560 3795 bis
577 3740 693 3810 positum
710 3742 759 3806 est,
778 3742 810 3792 ut
821 3740 943 3807 superius
955 3740 1064 3809 quidem
1081 3756 1176 3794 nomen
1194 3743 1296 3794 tantum

116 3830 248 3899 significet
264 3828 388 3898 hominis,
405 3827 536 3897 posterius
553 3825 620 3879 velit
636 3825 755 3895 intellegi
778 3826 890 3895 cundem
913 3826 958 3894 qui
976 3842 1080 3895 semper
1102 3827 1182 3881 luerit
1203 3843 1234 3880 ae
1253 3828 1296 3879 cui

116 3913 248 3970 similem’.
283 3914 442 3983 Exemplum
459 3914 601 3967 renovatur
623 3911 774 3979 aCapclla3
802 3913 937 3979 sumptum
959 3915 1000 3966 est
1026 3913 1194 3966 eCioerone:
1221 3913 1296 3980 frgm.

115 4016 141 4067 p.
160 4004 220 4053 468.
235 3999 277 4053 Or.

202 4103 229 4168 2)
247 4100 353 4157 Praeter
370 4117 428 4168 eos,
446 4102 479 4155 de
497 4101 594 4170 quibus
611 4116 691 4169 supra
708 4117 733 4168 p.
755 4107 787 4152 15
805 4116 844 4169 sq.
863 4101 1016 4169 memorari,
1035 4100 1115 4155 etiam
1132 4098 1162 4151 hi
1177 4098 1221 4153 vel
1232 4100 1297 4153 ube-

115 4180 173 4241 rius
194 4187 238 4241 vel
259 4187 378 4241 strictius
399 4187 577 4240 homoeoaroti
600 4176 822 4254 (adlitterationis)
845 4184 1024 4240 Romanorum
1045 4201 1125 4239 asum
1146 4186 1296 4255 attigerunt.

117 4272 239 4328 Parcus
261 4273 313 4328 lex.
336 4272 422 4328 Plant.
446 4289 469 4339 s,
485 4289 511 4326 v.
535 4271 688 4342 geminatio,
711 4270 881 4337 Columna,
904 4272 961 4324 vita
986 4270 1065 4323 llrmii
1087 4287 1111 4338 p.
1136 4278 1164 4338 93
1194 4270 1297 4325 Lach-

116 4376 227 4423 mann,
246 4358 315 4414 Hall.
334 4359 397 4413 llne.
416 4375 473 4413 av.
493 4357 682 4422 Allitteratiom
701 4356 872 4426 Stieglitz‚
895 4357 934 4410 De
952 4355 1049 4410 Pacuv.
1069 4356 1158 4410 Dulor.
1176 4362 1297 4424 1181.-

116 4444 288 4499 Sohliiteri
332 4445 467 4515 ,Veterum
497 4444 652 4498 Latinorum
678 4442 721 4496 all.
749 4459 812 4495 oum
836 4442 993 4497 nostratium
1020 4442 1062 4496 all.
1082 4443 1241 4510 eomparata'
1271 4445 1299 4495 et

116 4530 296 4585 l'heobaldi
328 4531 375 4601 ,De
392 4529 611 4585 annominalionis
629 4530 657 4582 et
673 4527 778 4582 allitter.
798 4544 839 4597 ap.
860 4528 941 4582 Cicer.
960 4528 1018 4582 usu’
1038 4527 1310 4596 caecatissimus

116 4632 170 4670 non
187 4616 271 4670 licuit.
289 4647 323 4655 —
338 4615 457 4684 Fuchs,
481 4616 532 4671 Die
549 4614 739 4673 romanisclreu
750 4612 897 4687 spineum
908 4616 945 4669 ‘m
960 4611 1164 4717 mannisis.
1178 4604 1345 4656 amma

952 4696 959 4705 ”
1098 4698 1124 4741 ‘b
