2858 5010
643 295 851 357 ..72-

161 471 393 532 discernendum
416 475 462 530 est
483 470 563 531 inter
585 442 803 546 monosyllaba,
831 469 991 546 bisyllaba‚
1021 468 1177 543 trisyllaba
1205 469 1344 528 homoeo-

158 558 318 649 catalecta,
351 579 437 652 prout
467 574 629 634 similitudo
656 579 707 634 aut
735 575 772 634 ad
793 574 930 633 nltimam
951 578 1002 632 aut
1028 572 1065 631 ad
1086 572 1222 632 ultimam
1244 577 1276 632 et
1299 592 1344 632 se

162 679 290 739 eamdam
311 683 362 737 aut
384 678 421 737 ad
436 679 572 738 ultimam
594 682 625 738 et
647 678 810 739 secundam
832 683 863 738 et
876 677 995 737 tertiam
1016 695 1034 735 a
1055 677 1115 736 line
1130 676 1261 751 syllabas
1275 694 1344 755 per-

161 782 262 842 tineat.
305 783 403 860 Atque
425 800 529 842 caveas
551 785 672 858 oportet,
694 801 733 841 ne
754 781 854 840 omnia
876 781 940 841 sive
954 781 1189 840 homoeoteleuta
1210 779 1275 839 sive
1291 781 1345 839 ho-

162 889 326 963 moeoptota
344 888 386 945 ‘ex
408 886 560 947 volrmtate
582 889 686 963 poetae
709 903 774 946 esse
796 890 892 963 putes.
937 883 1107 943 Voluntatis
1134 887 1234 943 autem
1256 883 1344 960 signa

161 989 195 1048 in
209 989 475 1050 homoeooatalecto
490 990 552 1050 fere
567 989 671 1049 eadem
686 989 787 1048 valent
807 993 896 1066 atque
911 988 943 1046 in
958 988 1161 1046 homoeoaroto
1184 983 1220 1063 (v.
1236 1006 1263 1063 p.
1282 985 1345 1062 37),

162 1092 203 1151 ita
225 1097 258 1151 nt
280 1111 340 1152 non
362 1111 436 1170 opus
459 1093 498 1153 sit
520 1111 555 1153 ea
576 1111 728 1153 renovare.

248 1196 506 1256 Horaeaocotolecti
526 1197 619 1274 igitur
641 1191 732 1255 acad
756 1192 867 1275 μέρος
889 1188 1002 1274 λόγου
1024 1213 1105 1269 usus,
1127 1193 1180 1271 qui
1200 1212 1260 1253 non
1283 1198 1344 1253 tam

163 1301 222 1360 late
244 1304 325 1378 patet
346 1319 435 1378 quam
456 1301 511 1360 ille
533 1301 607 1360 alter
629 1300 681 1378 qui
703 1294 777 1358 κατοὶ
801 1301 880 1358 κῶλα
903 1300 1031 1373 efferim,
1051 1296 1208 1376 praecipue
1229 1295 1267 1356 ad
1283 1298 1347 1357 sin-

163 1404 249 1479 gulas
271 1403 401 1478 syllabas
421 1404 566 1481 pertinet;
595 1402 649 1464 sed
671 1421 710 1463 ne
732 1403 944 1479 bisyllaborum
966 1402 1087 1480 quidem
1108 1401 1347 1477 trisyllabomm-

164 1525 222 1584 que
244 1503 384 1566 continua
405 1507 478 1566 ratio
500 1506 605 1577 deest„

250 1610 294 1669 Ac
314 1610 515 1686 monosyllaba
543 1609 695 1687 proprium
720 1609 820 1670 locum
846 1610 957 1669 habent
983 1609 1016 1667 in
1043 1607 1235 1668 iambicorum
1256 1626 1346 1669 sena·

164 1713 290 1787 riorum,
323 1713 538 1773 octonariorum
570 1713 843 1790 trochaioorumque
872 1712 1106 1790 septenarionim
1127 1713 1188 1771 fine
1209 1712 1239 1770 h.
1262 1730 1289 1772 e.
1312 1713 1347 1771 in

164 1816 216 1874 IV.
246 1816 281 1874 V.
304 1816 356 1876 VI.
392 1814 453 1894 (VI.
481 1816 548 1876 VII.
572 1813 667 1894 vm.)
696 1817 826 1878 arsibus:
860 1817 1052 1876 iambieorum
1084 1820 1184 1875 autem
1216 1820 1247 1875 et
1275 1835 1346 1875 ana-

165 1919 361 1995 paestioorum
383 1921 617 1997 septenariorum
646 1920 678 1979 in
701 1921 744 1981 eis
766 1920 894 1996 ansibus,
928 1939 1005 1998 quae
1033 1937 1170 1979 caesurae
1191 1919 1347 1995 legitimae

122 2014 127 2023 ’
167 2027 236 2082 sunt
250 2023 402 2100 proximae
418 2020 478 2101 (Π.)
494 2024 547 2084 ΙΠ.
563 2024 616 2085 IV.
639 2021 706 2100 [Vl.
739 2025 846 2101 Amph
864 2028 939 2102 9283
967 2025 1050 2084 Cure.
1067 2026 1143 2100 1993
1165 2022 1248 2083 Asin.
1265 2027 1345 2101 4053

166 2124 272 2186 Bacch.
297 2130 395 2187 1101:
755 2154 759 2161 ¹

187 2246 304 2321 Valeas,
326 2247 382 2307 tibi
403 2248 513 2308 habeas
535 2251 584 2308 res
606 2253 683 2323 tuas,
704 2247 814 2307 reddtis
835 2266 928 2308 meos.

68 2356 71 2361 '
188 2350 271 2410 Bene
293 2356 508 2412 monstrantem
529 2352 640 2429 pignis
662 2351 769 2427 caedis,
791 2352 869 2411 hinc
890 2370 980 2426 amos,
1002 2353 1100 2427 nugis
1122 2369 1229 2411 meros.

190 2453 343 2531 Siquidem
364 2457 465 2516 hdrcle
488 2454 659 2515 Aeacidinis
680 2455 771 2514 minis
793 2445 960 2532 animisque
982 2455 1120 2531 expletus
1142 2454 1229 2514 cedit.

191 2556 272 2618 Cano
295 2560 391 2637 capite
413 2564 500 2638 atque
522 2560 588 2619 alhu'
609 2559 698 2619 barbo
718 2559 861 2618 miseriun
883 2576 931 2618 me
953 2577 1024 2617 auro
1047 2576 1112 2619 esse
1135 2561 1316 2618 emunctam.

254 2695 319 2756 Hoc
340 2716 411 2757 vero
432 2697 591 2774 multiplex
613 2715 652 2756 ex
673 2694 779 2756 Bacch.
804 2698 885 2757 1088
909 2714 969 2754 non
984 2696 1080 2755 solum
1101 2695 1140 2755 H.
1163 2694 1218 2754 III.
1240 2695 1294 2755 IV.
1310 2696 1347 2754 V.
1416 2684 1419 2689 ’

169 2799 333 2859 sedetiam
355 2801 378 2860 Ι.
401 2805 431 2860 et
452 2801 505 2859 VI.
527 2818 608 2860 arses
630 2819 714 2879 anap.
738 2804 811 2877 sept.
834 2799 961 2859 obtinet:

346 2920 437 2980 Stulti
458 2920 560 2980 stolidi
580 2923 655 2981 fatui
676 2921 763 2998 fungi
784 2920 869 2980 bardi
889 2919 995 2980 blenni
1015 2920 1171 2980 buccones.

255 3057 292 3116 In
314 3062 462 3134 anapaest.
485 3063 611 3118 octonar.
635 3077 703 3118 cum
725 3076 805 3118 arses
821 3076 960 3119 caesurae
982 3057 1126 3118 finitimae
1147 3061 1212 3116 tum
1225 3056 1351 3117 ultimae

170 3161 383 3236 monosyllabis
405 3166 475 3221 sunt
497 3167 583 3239 aptae
607 3161 677 3222 cist.
700 3161 740 3237 Π,
764 3150 791 3237 Ι1,
813 3165 833 3222 4
857 3157 900 3239 (5)
910 3159 945 3237 1):

169 3280 267 3339 Iactor
288 3281 411 3356 enieior,
433 3283 538 3359 agitor,
560 3283 704 3359 stimulor,
725 3286 829 3342 vorso'r
849 3281 883 3341 in
905 3287 968 3342 rota
988 3281 1079 3342 miser
1100 3280 1260 3341 exanimor.

170 3383 270 3458 (Feror
292 3384 413 3451 differor
434 3387 581 3446 distrahor
602 3385 745 3464 diripior:
766 3387 808 3446 ita
823 3385 956 3445 nubilam
976 3389 1108 3445 mentem
1129 3384 1221 3444 aniani
1236 3383 1351 3459 habeo.)

255 3523 369 3585 Versus
391 3525 494 3585 cretici
509 3526 713 3601 monosyllaba
735 3519 809 3583 κατὰ
832 3518 927 3593 πόδας
949 3522 1039 3600 idque
1060 3524 1096 3582 ah
1113 3521 1198 3582 initio
1213 3522 1350 3580 efferunt.

171 3629 250 3688 Trin.
275 3632 351 3706 2943
385 3630 491 3689 Bacch.
516 3632 593 3705 647;
627 3629 690 3690 Cas.
714 3628 751 3706 V,
774 3632 802 3703 2,
827 3632 881 3706 103
916 3627 999 3687 (lunc.
1025 3629 1084 3687 149
1115 3625 1181 3703 (hoc
1207 3644 1276 3686 cum
1297 3625 1351 3687 tri·

169 3733 242 3810 plici
264 3732 449 3811 epanaphora
472 3753 498 3791 κ,
521 3725 636 3808 sirach
663 3731 739 3792 Rud.
764 3735 841 3792 208:

214 3886 322 3893 -,..-.-

259 3970 285 4034 1)
304 3967 442 4020 Dimetros
460 3964 585 4019 instituit
602 3964 633 4019 F.
651 3964 713 4034 Lae,
732 3965 803 4019 Mus.
822 3964 906 4017 Eteri.
925 3965 1008 4033 1883,
1022 3982 1050 4032 p.
1069 3964 1118 4016 12:
1138 3962 1261 4017 Daulida
1280 3968 1352 4017 octo-

170 4053 263 4106 nariis
286 4053 413 4122 copitcait
430 4052 554 4121 Macalla,
578 4070 607 4121 p.
626 4052 663 4106 45
680 4056 704 4106 et
721 4052 786 4105 370.
813 4069 838 4104 v.
858 4057 875 4104 4
896 4051 925 4103 in
943 4051 1041 4105 amoris
1063 4051 1120 4104 rota
1137 4049 1214 4115 libri3
1241 4049 1272 4102 in
1293 4053 1353 4105 rota
1404 4116 1407 4121 Ι

172 4141 294 4209 asperiori,
320 4138 540 4195 Reformuorschl.
566 4156 592 4208 p.
610 4143 667 4192 279.
695 4155 750 4193 aino
774 4155 806 4192 ea
833 4136 921 4191 tritius
943 4136 1002 4190 iilia
1024 4135 1111 4190 caba
1138 4135 1220 4191 iactor·
1248 4137 1354 4191 crucior

152 4224 244 4286 agitor
257 4226 342 4278 meto
357 4227 387 4279 in
406 4228 507 4282 amoris
522 4229 582 4284 rota
599 4229 690 4282 serrat
711 4223 870 4296 aprianus„
885 4223 923 4278 st.
940 4222 979 4277 Pl.
997 4241 1023 4292 p.
1040 4228 1064 4276 8.
