2858 5010
630 319 819 382 -6,

134 495 200 567 δίας
224 489 361 574 ποιητὴς,
391 487 428 555 ὃν
450 488 469 572 ἡ
492 493 634 577 κωμῳδία
657 488 754 569 σοφόν
775 492 876 554 τεκαὶ
898 497 1055 581 κολλιοοπῆ
1079 486 1142 554 olda
1170 498 1317 573 πολλαχοῦ
1382 548 1386 561 ,

131 603 189 659 τῶν
212 562 328 763 ίὲμβων
351 592 515 678 γοργιοίζειὶ
561 599 703 659 Ceterum
725 599 828 659 videas
850 598 929 677 quod
951 598 1058 658 Platon
1073 598 1176 676 Symp.
1201 602 1271 660 198.
1284 599 1316 659 C.
1377 674 1382 683 Ι

130 703 220 764 Socra
251 722 282 762 m
312 706 527 762 memorantem
558 702 629 763 facit
662 701 700 762 de
728 703 901 779 Agathone:
934 699 995 776 ,nul
1028 696 1086 782 peip
1120 723 1155 779 με
1188 700 1317 781 Γοργίου

129 788 247 885 (ildico
264 798 466 884 (Ἀγάθωνος)
484 798 713 888 ἀνεμίμνῃσκον,
736 798 804 864 ὥστ’
833 798 959 883 ἀτεχνῶς
981 797 1013 865 τὸ
1029 807 1080 864 τοῦ
1091 798 1225 883 Ὁμήρου
1249 801 1332 864 ἔην’

131 902 250 985 πόνθη·
278 902 453 986 ἐφοβούμην
468 902 508 985 μή
524 929 575 985 μοι
589 910 728 967 τελευτῶν
751 901 767 968 ὁ
785 901 930 988 Ἀγάθων
947 906 1075 987 Γοργίου
1097 903 1233 985 κεφαλὴν
1257 907 1315 966 δει-

132 1015 186 1071 νοῦ
209 1009 303 1092 λέγειν
331 1008 380 1070 ἐπὶ
407 1005 457 1070 τὸν
486 1002 557 1088 ἐμὸν
580 1004 667 1091 λόγον
689 1008 811 1088 πέμψας
841 1003 933 1070 αὐτόν
954 1032 991 1088 με
1017 1010 1106 1070 λίθον
1127 1013 1164 1095 τῇ
1195 1004 1316 1094 ἇφωνίᾳ

132 1109 300 1193 ποιήσειεν.
346 1114 586 1174 Consentaneum
617 1114 710 1190 igitur
753 1119 815 1188 est,
853 1118 932 1174 artes
960 1115 1105 1192 poeticam
1133 1120 1164 1174 et
1191 1115 1316 1175 rhetori·

132 1238 198 1279 cam
220 1238 255 1278 ea
277 1219 391 1277 ratione
413 1235 543 1278 conexas
565 1235 633 1277 esse
655 1217 735 1278 inter
757 1236 807 1290 se,
838 1223 872 1277 ut
894 1235 963 1277 cum
983 1235 1031 1277 ars
1052 1219 1169 1295 poetica
1197 1218 1235 1278 ad
1256 1218 1316 1295 pri-

96 1324 105 1339 '
132 1322 245 1382 mordia
273 1322 345 1381 artis
373 1322 537 1382 rhetoricae
567 1322 696 1381 maxime
725 1321 869 1395 valuerit,
901 1325 966 1380 tum
987 1339 1035 1381 ars
1056 1321 1202 1381 rhetorica
1230 1323 1328 1398 iuge-¹

134 1426 219 1486 niose
242 1425 361 1485 exctdta
375 1425 570 1501 celeriterque
591 1424 693 1484 adulta
714 1425 785 1484 inde
808 1443 869 1484 non
891 1442 981 1502 paruo
1002 1429 1152 1484 momento
1173 1424 1264 1485 fuerit
1278 1425 1317 1485 ad

134 1534 227 1589 artem
249 1529 403 1606 poeticam.
447 1528 487 1587 Ut
501 1533 600 1588 autem
622 1528 731 1588 arctius
754 1528 838 1588 illam
859 1528 1115 1589 necessitudinem
1135 1528 1316 1589 describam:

136 1633 294 1711 praecipue
324 1632 505 1709 conspicitur
534 1650 569 1691 ea
601 1632 634 1690 in
663 1632 720 1691 lact
747 1633 811 1692 sive
840 1632 1006 1693 elocutione
1045 1629 1093 1709 (cf.
1120 1632 1209 1693 Arist.
1237 1633 1256 1691 l.
1276 1630 1318 1709 l.),

135 1737 220 1796 cuius
243 1736 391 1795 ornandae
405 1735 552 1795 rationem
574 1754 628 1812 per
642 1736 752 1812 primos
768 1740 896 1795 oratores
910 1754 928 1794 a
942 1735 1038 1813 poetis
1057 1736 1213 1813 repetitam
1227 1740 1316 1813 atque

136 1840 278 1899 continuo
299 1838 338 1898 ad
359 1844 462 1898 artem.
475 1839 625 1898 redactam
646 1843 749 1915 poetae
773 1843 875 1916 postea
896 1839 933 1898 ab
955 1839 1029 1916 ipsis
1043 1840 1211 1899 rhetoribus
1232 1858 1317 1917 repe-

135 1943 269 2002 tiverunt
290 1947 389 2020 atque,
411 1941 659 2019 quemadmodum
672 1941 794 2002 illorum
809 1943 973 2019 praeceptis
994 1942 1051 2001 fuit
1066 1947 1159 2017 aucta,
1181 1943 1214 2001 in
1229 1961 1318 2002 suum

136 2064 225 2106 usum
254 2045 488 2105 vindicavemnt.
542 2045 673 2105 Maxime
705 2046 762 2104 hoc
793 2046 924 2122 pertinet
955 2045 994 2105 ad
1024 2050 1127 2122 poetas
1157 2046 1317 2121 scaenicos,
1414 2110 1423 2127 ,

136 2150 262 2227 quibus,
295 2154 329 2207 ut
350 2167 437 2208 aures
459 2148 645 2208 audientium
667 2149 843 2208 elocutionis
865 2149 1065 2209 concinnitate
1087 2149 1318 2224 delectarentur,
1400 2136 1406 2146 ’

23 2250 28 2259 ’
136 2272 232 2333 aeque
266 2270 354 2312 curae
389 2253 446 2311 fuit
477 2256 567 2329 atque
597 2252 768 2312 oratoribus.
816 2251 1017 2312 Romanorum
1044 2252 1167 2330 quidem
1199 2258 1318 2314 veteres

136 2361 241 2434 poetae
262 2355 392 2416 scaenici
413 2357 455 2415 ita
475 2357 627 2415 rhetorum
648 2361 806 2433 praecepta
826 2355 978 2433 persecuti
991 2334 1083 2430 sunt,
1116 2360 1150 2415 ut
1176 2375 1235 2434 qua
1261 2356 1318 2416 fuit

134 2440 270 2519 novitate
303 2458 383 2536 apud
414 2459 562 2519 Romanos
594 2477 667 2519 usus
707 2460 882 2520 elocutionis
916 2459 1121 2534 exornandae,
1158 2460 1318 2520 nonnullas

137 2562 247 2639 figuras
269 2562 332 2622 fere
355 2561 512 2623 immodice
535 2562 732 2622 adhibuerint

225 2667 324 2742 Atque
352 2666 430 2725 hanc
458 2665 688 2744 disputationem
715 2684 782 2727 esse
808 2666 875 2726 volo
902 2666 940 2726 de
962 2672 1098 2727 veterum
1119 2666 1318 2726 Romanorum

137 2775 291 2847 poetarum
323 2787 380 2829 usu
405 2788 636 2846 purcraoccseoa
681 2768 749 2829 Non
778 2774 877 2829 autem
898 2770 930 2828 id
951 2788 1020 2846 ago,
1053 2776 1087 2829 ut
1107 2770 1318 2844 demonstrem,

138 2892 227 2951 quam
249 2891 339 2949 saepe
361 2873 412 2933 vel
434 2874 535 2933 crebro
561 2873 609 2932 illi
630 2878 734 2950 poetae
756 2874 853 2933 varias
874 2890 1096 2951 paromoeoseos
1118 2864 1246 2934 rationes
1268 2873 1318 2932 adss

137 2977 297 3052 hibuerint,
320 2977 376 3036 etsi
399 2976 436 3036 de
450 2978 507 3036 hac
520 2995 553 3035 re
568 2976 695 3037 strictim
710 2977 869 3055 adnotabo;
893 2977 948 3037 sed
962 2995 1082 3037 omnem
1096 2996 1215 3055 operam
1230 2982 1319 3054 atque

138 3099 239 3140 curam
261 3080 410 3139 conferam
432 3080 465 3138 in
487 3084 583 3139 certas
604 3080 695 3139 huius
716 3098 790 3141 usus
811 3099 929 3141 normas
951 3081 1180 3143 constituendas.
1223 3080 1319 3155 Quae-

136 3188 218 3244 retur
247 3184 353 3260 igitur,
386 3202 459 3243 num
486 3201 708 3261 paromoeoseos
739 3183 774 3243 in
804 3184 933 3244 timothus
964 3185 1163 3245 conlocandae
1193 3184 1318 3245 eandem

137 3291 241 3365 poetae
263 3287 416 3347 consecuti
446 3287 507 3347 sint
533 3287 733 3365 frequentiam
754 3292 844 3366 atque
872 3288 905 3346 in
926 3288 1059 3365 aretham
1092 3292 1192 3347 utrum
1214 3307 1318 3348 omnes

138 3391 232 3467 pedes
255 3408 420 3468 omnesque
450 3409 532 3451 arses
553 3409 660 3468 parma
681 3392 758 3451 iuter
779 3411 810 3451 so
832 3392 934 3451 lubere
954 3392 1016 3451 uim
1042 3392 1192 3452 voluerint
1214 3411 1318 3453 necne.

227 3493 288 3554 Sed
309 3499 343 3552 ut
364 3493 454 3553 totius
477 3494 653 3572 disciplinae
682 3495 800 3555 firmum
830 3500 957 3572 ponatur
978 3494 1222 3570 tundamentum,
1254 3496 1319 3573 ipsa

139 3615 177 3656 ex
199 3597 253 3655 illa
283 3597 321 3656 de
342 3616 401 3674 qua
422 3598 549 3674 cogitavi
578 3602 731 3675 poetarum
746 3586 791 3659 ¹et
811 3600 964 3659 rhetorum
993 3599 1078 3677 quasi
1099 3599 1318 3678 propinqmtnte

139 3705 268 3776 apparet,
290 3701 360 3759 huic
375 3700 569 3777 disputationi
590 3701 711 3761 initium
725 3702 897 3762 ducendum
908 3721 974 3764 esse
995 3721 1015 3761 o
1027 3709 1157 3763 ocimum
1169 3702 1320 3761 rhetorum

135 3803 303 3879 praecptis.
348 3805 447 3880 Atque
474 3808 508 3863 ut
529 3822 752 3880 paromoecseos
780 3806 858 3866 fines
885 3811 1030 3883 quantum
1056 3807 1121 3867 fieri
1147 3810 1247 3883 potest
1271 3823 1320 3865 ac·

140 3911 240 3966 curate
271 3907 480 3982 determinem,
514 3925 575 3967 non
602 3909 700 3967 solum
727 3909 823 3969 varias
857 3910 922 3968 eius
949 3911 1062 3986 figurae
1090 3909 1233 3984 rationes,
1266 3908 1320 3970 sed

140 4010 226 4069 etiam
262 4011 455 4070 finitimarum
487 4016 520 4070 ut
552 4011 749 4089 parecheseos
781 4018 811 4073 et
837 4014 1057 4091 paronomasiae
1083 4017 1172 4091 atque
1200 4012 1320 4073 omnino

141 4114 274 4172 omnium
296 4115 472 4190 figurarum,
494 4133 569 4192 qnae
590 4115 629 4175 ad
650 4115 879 4177 similitudinem
892 4108 1041 4194 quandam
1062 4121 1094 4177 et
1113 4114 1320 4194 aequalitatem

141 4218 299 4302 verborum
321 4217 372 4276 vel
394 4219 525 4277 colorum
547 4223 692 4296 spectant,
713 4218 775 4279 vim
796 4239 832 4281 ac
852 4219 1005 4281 notionem
1027 4239 1066 4282 ex
1080 4220 1232 4281 veteribus
1253 4220 1321 4280 rhe-

140 4320 253 4381 toribus
275 4320 534 4401 grammaticisque
556 4321 713 4387 exhibebo.
