2858 5010
902 366 906 381 1

622 591 835 662 ,31-

80 840 84 845 ¹
139 760 317 844 περιστάντα
349 764 493 825 κίνδυνον
526 770 689 846 παρελθεῖν
718 763 857 845 ἒνςοίησεν
885 760 983 847 ὥσπερ
1012 764 1112 843 νέφος’
1145 771 1320 848 polyptoton

138 869 172 929 10
193 887 316 957 casuum
337 869 452 929 vicibus
473 870 650 929 nominativi
672 863 778 948 (αὕτη),
807 870 942 947 genetivi
964 865 1111 949 (τούτων),
1143 893 1321 954 rursumque

67 1016 71 1021 -
139 973 315 1033 nominativi
337 970 445 1049 (τοῦτο)
465 974 606 1033 cernitur.

224 1077 323 1137 Huius
343 1076 467 1136 rationis
494 1095 568 1137 usus
595 1076 750 1137 sollemnis
777 1058 825 1139 est
856 1071 934 1135 κατ’
971 1070 1092 1156 ἀρχὴν
1125 1101 1148 1139 τ.
1178 1074 1320 1160 notium

138 1181 194 1259 Aq.
217 1180 299 1241 Rom
321 1201 349 1258 p.
373 1185 423 1255 33,
448 1184 496 1241 23.
518 1181 571 1241 H.:
594 1181 681 1254 (banc
701 1183 828 1257 figuram
852 1199 891 1241 ex
913 1198 947 1241 00
969 1183 1212 1261 nominaverint,
1242 1185 1321 1262 quod

138 1302 207 1343 cum
229 1285 348 1361 saepius
370 1284 496 1343 initium
522 1284 686 1345 abeodem
714 1288 798 1361 parte
825 1284 965 1345 cratonis
986 1287 1051 1361 fiat,
1083 1286 1137 1347 illa
1165 1288 1232 1364 ipsa
1252 1307 1321 1365 pars

138 1387 387 1449 declinationibus
408 1406 532 1449 casuum
542 1385 565 1461 1)
663 1388 852 1447 immutatn’.
882 1388 1017 1449 Alterius
1031 1408 1210 1469 quamquam
1231 1410 1249 1451 a
1270 1410 1321 1452 ve·

137 1491 249 1551 teribus
270 1490 439 1552 rhetoribus
460 1510 522 1551 000
543 1491 656 1551 laudati
676 1510 766 1561 usus,
800 1492 852 1568 qui
879 1497 927 1553 est
948 1486 1041 1551 acad
1069 1489 1176 1564 τέλος
1198 1514 1221 1556 r.
1254 1488 1319 1555 aoi-

138 1596 223 1669 λων,
245 1595 384 1672 exempla
405 1612 466 1656 non
488 1595 598 1655 desunt
619 1594 699 1673 apud
721 1598 838 1655 veteres
859 1595 1059 1655 Romanorum
1079 1600 1190 1673 poetas.

224 1697 366 1758 Ceterum
394 1698 520 1775 repudio
546 1699 673 1776 Aquilae
703 1697 844 1773 Romani,
877 1717 935 1776 quo
965 1699 1112 1776 polyptoti
1133 1701 1196 1759 vim
1216 1701 1320 1778 ampli-

121 1801 245 1877 ficavit,
267 1801 504 1862 additamentum
523 1821 552 1879 p.
569 1804 619 1876 33,
642 1804 699 1862 24:
722 1806 782 1875 ‘aut
795 1802 959 1877 peceribus,
979 1808 1032 1862 aut
1045 1803 1197 1862 aucam&
1229 1803 1321 1865 Nam-

137 1922 196 1981 que
218 1908 378 1983 utrumque
398 1924 495 1982 genus
516 1905 555 1965 ad
575 1922 776 1982 paregmenon
798 1888 1040 1965 transferendum
1062 1911 1121 1981 est,
1149 1908 1234 1967 cuius
1255 1901 1317 1967 κατ’

138 1999 232 2085 ἀρχὴν
253 2010 314 2075 τῶν,
333 2001 436 2069 κώλων
457 2027 531 2069 usus
546 2008 703 2086 Aquilanis
718 2009 867 2084 exemplis
880 2009 915 2069 10
928 2009 1061 2068 medium
1074 2014 1204 2085 vocatu,
1225 2029 1253 2087 p.
1271 2014 1321 2086 33,

138 2113 195 2171 29:
218 2113 389 2188 ‘generibus
410 2096 512 2173 autem
532 2113 591 2173 hoc
611 2111 714 2171 modo:
736 2111 866 2173 Pulchra
888 2116 988 2173 autem
1009 2113 1084 2173 baec
1105 2113 1183 2173 fama
1199 2115 1321 2175 000110-

136 2218 190 2290 get
209 2214 331 2290 ciuitati,
355 2217 381 2277 si
403 2217 514 2293 optime
529 2215 670 2276 meritam
692 2215 791 2275 civem
804 2214 1051 2275 damnaverimus.
1082 2216 1246 2277 Pulchrum
1262 2218 1320 2279 erit

136 2322 254 2399 exteras
274 2320 412 2381 nationes
435 2319 608 2380 existimare
628 2319 800 2379 infestiores
829 2336 884 2379 nos
912 2336 979 2379 esse
1001 2318 1087 2379 bonis
1113 2339 1203 2397 quam
1224 2323 1319 2381 malis.

137 2421 267 2483 Pulchre
279 2423 496 2484 ‚commrmibus
517 2422 696 2483 utilitatibus
718 2421 925 2496 considemus,
948 2422 988 2496 si,
1013 2440 1089 2499 quos
1111 2441 1269 2500 oppressos
1290 2430 1321 2486 et

136 2524 238 2586 hostes
259 2526 396 2603 cupiere,
428 2545 484 2587 nos
505 2525 799 2594 circumvenerimus.
842 2523 983 2585 Numeris
1011 2529 1111 2587 autem
1137 2527 1196 2587 sic:
1231 2527 1320 2588 (10010

137 2646 257 2707 semper
278 2631 407 2707 singulis
428 2630 560 2700 1000001,
583 2647 659 2708 quae
674 2628 822 2689 commodi
841 2646 947 2701 eorum
968 2645 1058 2689 causa
1072 2630 1225 2690 constituti
1239 2636 1318 2691 sunt.

138 2731 261 2793 Gratim
289 2734 343 2793 1110
366 2733 500 2812 superior
522 2733 681 2793 Afiicanus
707 2732 894 2793 senatoribus
923 2731 1011 2806 fecit,
1044 2733 1096 2808 qui
1117 2735 1231 2811 primus
1253 2736 1320 2795 eius

137 2836 250 2897 ordinis
271 2837 415 2912 subsellia
436 2856 455 2897 a
474 2837 585 2915 populo
605 2836 760 2897 liberavit’.

222 2939 364 3003 Latinum
384 2941 562 3001 vocabulum
582 2959 636 3018 pro
657 2939 811 3017 polyptoto
832 2956 895 2999 non
914 2938 1068 2999 inuenitur
1089 2939 1149 2999 nisi
1175 2940 1209 2999 in
1230 2958 1318 3001 carm.

136 3042 175 3101 de
198 3044 246 3119 fig.
268 3062 297 3120 p.
321 3047 371 3119 67,
394 3048 455 3106 106
480 3043 739 3119 (marimanam.
806 3061 808 3066 ·

222 3214 322 3275 Habes
344 3196 436 3292 igitur
457 3216 574 3295 parium
601 3215 805 3292 similiumque
835 3212 1041 3291 definitiones;
1069 3218 1182 3273 restant
1207 3216 1319 3292 figuras

137 3318 331 3395 repetitionis.
362 3319 436 3379 .Sed
458 3320 632 3399 priusquam
653 3318 722 3378 illas
743 3316 905 3394 attingam,
927 3317 1010 3377 breui
1032 3316 1065 3376 in
1087 3323 1248 3396 conspectu
1269 3338 1320 3396 po·

137 3438 208 3480 nam
229 3421 412 3482 differentias
434 3440 536 3483 eorum
558 3423 758 3497 schematum,
794 3439 920 3501 quorum
940 3421 1071 3482 rationes
1097 3421 1180 3482 inter
1208 3441 1240 3482 se
1263 3423 1321 3482 alia

137 3523 171 3582 in
192 3524 281 3584 aliam
303 3526 388 3603 quasi
409 3525 507 3586 radios
522 3526 654 3601 mittunt,
677 3544 711 3585 ea
733 3525 807 3599 dico,
829 3542 905 3603 quae
917 3525 1017 3603 aliqua
1038 3524 1235 3585 similitudine
1251 3532 1322 3586 sunt

138 3627 216 3709 inter
238 3646 285 3688 se:
308 3629 543 3702 homoeoarcton‚
566 3629 745 3707 parecbesis‚
767 3627 981 3706 paronomasia,
1002 3646 1215 3705 paregmenon‚
1236 3630 1320 3707 poly-

137 3735 248 3806 ptoton.
291 3731 413 3792 Etenim
426 3733 481 3793 has
504 3735 615 3811 figuras
636 3737 670 3792 ut
692 3731 924 3803 contraderent,
957 3731 1019 3791 scio
1041 3732 1148 3810 quibus
1169 3733 1319 3793 acciderit.

224 3833 320 3908 Quare
343 3837 483 3914 quoniam
505 3816 687 3897 recentiores
709 3835 742 3894 in
763 3834 868 3911 primis
884 3836 1116 3911 patronorumsine
1136 3854 1231 3914 aequo
1251 3837 1321 3914 plns

136 3936 268 3999 tribuere
290 3939 396 4023 solent,
419 3940 582 4001 (1100111000
597 3937 789 3999 statuendum
812 3943 859 3997 est
872 3937 952 3999 inter
965 3940 1200 4016 paronomasiam
1223 3933 1319 3997 aurel

138 4036 242 4112 λέξιν
265 4046 294 4101 01
315 4042 384 4103 illas
405 4044 488 4103 alias.
531 4042 610 4103 Nam
630 4041 834 4120 paronomasia
855 4035 952 4101 acroi
980 4033 1179 4117 διάνοιαν,
1206 4060 1245 4102 00
1267 4060 1320 4119 pro

137 4142 206 4203 aliis
232 4150 375 4222 ponatis,
406 4164 467 4205 non
499 4146 665 4209 verendum
691 4149 745 4205 est.
788 4130 929 4205 Attamen
958 4145 1072 4205 iuvabit
1100 4146 1321 4222 paronomasiae

137 4250 294 4326 utramque
315 4249 462 4310 rationem
484 4251 573 4309 certis
595 4254 698 4309 notare
721 4248 875 4309 limitibus.

138 4373 322 4385 ——--..—-...

224 4432 250 4499 1)
268 4448 292 4501 p.
312 4436 355 4501 33,
373 4435 420 4485 26:
440 4430 980 4502 ι11000001(1001100110011001000100010
998 4429 1110 4485 8000100
1127 4432 1169 4485 001
1185 4446 1321 4485 summum
1388 4486 1392 4493 ,

137 4516 244 4585 imperii
261 4519 413 4573 consilium:
440 4518 544 4575 senatui
561 4516 723 4586 reipublicae
740 4532 804 4571 orna
820 4518 973 4593 mandatur:
996 4517 1030 4572 ad
1049 4519 1171 4572 senatum
1188 4518 1215 4571 in
1233 4518 1322 4571 dubiis

138 4600 345 4674 periculosisque
363 4606 442 4659 rebus
460 4604 545 4659 onmis
565 4604 660 4659 civitas
677 4602 800 4671 respicit'.
