2858 5010
617 244 829 306 ..40-

217 418 302 479 Haeo
315 419 408 496 igitur
422 418 522 478 omnia
536 418 722 479 eeoemenda
736 423 808 479 sunt
824 419 860 478 ab
875 422 938 480 arte
953 423 1119 497 poetarum3
1143 438 1200 479 neo
1214 421 1317 480 minus

131 523 214 598 haee,
237 541 363 602 quorum
385 523 513 583 alterum
527 522 681 583 Bartsohio
702 522 815 600 plaeuit
835 540 863 599 p.
887 525 937 598 29,
959 541 997 582 ex
1018 523 1220 584 monumentis
1243 524 1318 584 Cae-

133 626 196 687 01111
219 631 249 688 00
269 625 432 702 Eurysaois
455 629 580 703 sumpta.

264 763 330 823 Hoo
352 763 531 823 estfactum
552 763 780 822 monumentum
802 795 843 803 —
866 761 982 823 Maaroo
1005 763 1135 823 Oaiossio.

262 865 396 926 110011ὀο
417 866 647 926 monumentum
668 864 780 926 Marcei
804 897 844 906 —
867 865 1002 944 Vergilii
1024 864 1191 946 Eiuysaois.

220 1020 299 1080 Nam
326 1024 446 1098 poetam
468 1025 694 1082 monumentum
716 1022 859 1081 vocabulo
881 1026 927 1081 sat
947 1022 1056 1082 usitato
1078 1018 1126 1099 (of.
1142 1021 1227 1082 Ouro.
1248 1026 1319 1098 140,

136 1130 216 1202 441;
239 1123 302 1184 Mil.
328 1127 405 1201 7043
428 1120 604 1201 1100935),
626 1128 661 1183 ut
674 1142 744 1183 oum
760 1125 955 1200 praenomine
970 1124 1079 1184 mortni
1093 1125 1320 1193 homoeoaroton

136 1229 255 1303 faoeret,
276 1245 366 1288 usum
380 1244 455 1302 esee,
477 1226 650 1287 Barteohius
672 1245 711 1288 ne
734 1229 868 1306 utiquam
889 1228 965 1287 mihi
985 1228 1183 1306 persuadebit
1222 1227 1321 1301 Quid?

137 1331 216 1410 quod
244 1350 283 1392 ne
304 1331 380 1391 haee
401 1329 536 1408 quidem,
565 1348 641 1408 quae
663 1331 759 1408 posita
786 1332 820 1391 in
847 1332 926 1412 binis
948 1332 1143 1391 substantivis
1164 1331 1321 1392 adieetivie

136 1435 235 1495 verbis
264 1434 411 1494 adverbiis
447 1433 641 1494 coordinatim
674 1434 753 1494 inter
780 1452 813 1494 se
845 1435 1012 1495 ooniunotie
1042 1436 1144 1495 firmae
1177 1435 1322 1494 formulae

20 1568 22 1573 ·
139 1539 271 1616 speeiem
292 1538 410 1612 habent,
432 1542 466 1596 ut
487 1555 587 1598 oaroer
604 1541 736 1612 0000000,
758 1538 979 1613 0000οο10100,
1001 1538 1102 1598 vivere
1117 1538 1224 1613 valere,
1246 1538 1324 1599 bene

140 1643 232 1716 beate,
254 1641 328 1701 haee
343 1640 418 1715 dieo,
440 1640 549 1717 quibus
564 1639 766 1701 Woelfflinius
788 1658 897 1700 nomen
918 1641 1018 1718 posuit
1032 1641 1238 1700 oblitterr'reode
1256 1641 1324 1700 Ver·
1385 1698 1388 1704 .

140 1744 318 1820 Modoopoo,
341 1742 380 1803 ad
401 1747 495 1804 artem
516 1747 670 1821 poetarum
691 1744 795 1805 valent
817 1739 1044 1804 enucleandam.
1088 1743 1166 1803 Nam
1187 1744 1324 1804 1100100-

50 1836 53 1841 ’
140 1848 248 1922 mulae,
270 1847 340 1924 quia
354 1847 492 1907 omnibus
513 1847 710 1908 inveniuntur
724 1847 923 1907 Romanarum
944 1847 1111 1908 litteranim
1131 1847 1325 1925 temporibus,

141 1970 203 2011 non
216 1950 317 2011 minue
332 1950 547 2029 antiquissime
562 1955 631 2011 ante
646 1951 767 2010 Livium
780 1951 992 2026 Andronicum,
1008 1969 1097 2029 quam
1111 1950 1325 2028 posterioribus

141 2060 209 2134 poet
230 2059 357 2115 aetatem
379 2054 513 2115 Gaesan's
534 2055 677 2132 Augusti3
706 2055 776 2133 quia
805 2055 839 2113 in
861 2072 998 2115 sermone
1020 2055 1134 2132 poetioo
1156 2059 1186 2115 et
1206 2051 1244 2114 in
1262 2073 1327 2114 ora-

142 2160 223 2221 tione
245 2156 378 2235 pedestri
399 2175 493 2236 aeque
514 2175 604 2235 saepe
624 2176 683 2218 000
704 2158 801 2217 solum
828 2177 846 2216 a
866 2158 961 2235 poetis
983 2158 1145 2218 oratoribus
1167 2158 1327 2233 historicis,

144 2262 197 2323 sed
227 2261 316 2322 etiam
345 2261 570 2338 aphiloeophie
596 2260 822 2338 rhetoribusque
849 2261 1041 2339 adhibentur;
1070 2262 1139 2340 quia
1165 2262 1327 2321 multarum

144 2364 336 2443 proverbialis
358 2382 431 2424 usus
453 2364 513 2424 late
534 2368 623 2441 patet,
643 2368 678 2423 ut
698 2364 805 2423 harum
826 2381 883 2424 000
904 2365 972 2424 vola
986 2383 1042 2425 000
1055 2365 1227 2441 vestigium,
1248 2364 1327 2424 inter

144 2487 179 2528 os
209 2473 240 2528 et
262 2469 364 2542 offam,
394 2469 493 2529 oleum
516 2471 547 2527 et
568 2485 687 2544 operam
715 2466 848 2545 perdidi:
875 2467 1005 2528 maxima
1032 2486 1071 2529 ex
1098 2472 1182 2546 parte
1209 2468 1243 2527 in
1269 2486 1328 2528 usu

146 2571 294 2633 ootidiono
315 2571 453 2648 ponenda
474 2575 552 2630 eunt.
597 2570 718 2631 Soflioet
739 2569 899 2630 eximenda
920 2575 991 2630 sunt
1012 2590 1061 2647 ea,
1088 2569 1164 2649 quae
1190 2572 1329 2632 alienae

146 2676 289 2735 formulae
312 2675 411 2752 specie
432 2674 541 2751 poetioi
563 2673 655 2733 studii
677 2674 765 2750 signa
786 2673 955 2734 ostendunt.
995 2675 1035 2735 Ut
1056 2693 1131 2753 quae
1154 2676 1205 2735 vel
1226 2674 1329 2733 mniti-

145 2780 236 2857 plicia
263 2779 314 2839 vei
340 2778 411 2837 bina
436 2777 520 2836 iuxta
547 2777 707 2854 composita
739 2778 772 2836 in
805 2778 1003 2855 descriptione
1034 2778 1121 2839 fnoiei
1153 2796 1329 2856 morumque

147 2883 337 2958 adhibentur3
370 2873 538 2952 ἆσυνδέτως
570 2885 669 2941 00000
701 2880 763 2942 fere
794 2900 908 2942 oonexa
940 2887 1026 2942 sunt:
1060 2881 1126 2943 Ter.
1154 2882 1227 2942 Hee.
1249 2885 1329 2959 4403

149 2987 244 3046 Plaut.
266 2985 357 3045 Mero.
382 2987 453 3060 639,
477 2986 554 3063 6303
575 2984 638 3044 Mil.
663 2986 739 3062 5445
762 2985 823 3045 Afr.
846 3004 919 3046 com.
944 2990 999 3047 61:

301 3140 430 3216 Magnus
452 3139 635 3200 rubicundus
657 3141 770 3218 crispus
792 3130 908 3202 orasses
929 3141 1052 3202 0000100.

304 3243 419 3304 Cenum
440 3240 555 3302 aarum*
563 3243 745 3304 0000100010
767 3244 976 3306 bfiooulenurm
997 3243 1188 3304 brevioidum.

304 3341 361 3406 'Ad
380 3348 519 3406 mandata
539 3346 661 3408 0100000
682 3365 787 3408 oaeous
807 3350 910 3409 000000
931 3365 1056 3408 maneus
1078 3347 1194 3408 debilis.

304 3450 354 3510 Me
376 3451 470 3510 fuisse
492 3450 649 3511 excordem
670 3452 790 3511 eaeoum
811 3451 1040 3528 incogitabilem.

305 3553 445 3630 Vigiir'ms
466 3572 501 3614 ao
522 3552 628 3614 0011000
649 3555 728 3614 01000
749 3556 823 3614 sana
844 3554 950 3615 eo'bria

240 3745 256 3816 ἕ
274 3749 323 3805 11.
344 3745 410 3805 Hae
423 3744 515 3820 igitur
529 3744 668 3821 exempla
690 3744 837 3821 seligendi
858 3745 970 3804 ratione
993 3742 1145 3804 observata
1165 3743 1334 3803 incentum

154 3853 184 3908 et
206 3849 361 3925 sexaginta
381 3848 514 3908 00000100
535 3847 699 3921 sororiis,
731 3866 808 3926 quae
830 3852 910 3909 oerte
938 3851 1140 3924 agnosoimtur
1161 3847 1235 3907 haee
1255 3864 1334 3924 pono

152 3951 363 4013 homoeoarota.
1213 3944 1217 3953 ’

240 4109 264 4169 Ι.
291 4107 484 4184 Quadrupb'oi
502 4107 706 4167 homoeoareto
728 4106 831 4166 finitur
853 4106 1034 4183 epigramma
1049 4105 1248 4166 Naevianum:

180 4251 207 4304 1.
242 4243 347 4305 Ob-uti
368 4247 439 4306 sunt
460 4245 571 4305 Romae
593 4242 720 4324 1000100
742 4243 832 4304 latina
854 4243 963 4321 lingua
