2858 5010
619 272 885 338 -58-·

139 467 263 527 quorum
277 454 440 511 concentus
455 451 669 525 conroboratur,
691 450 718 510 si
732 450 860 512 alterum
874 451 1049 511 vocabulum
1062 455 1154 511 tetam
1167 451 1320 530 dipodiam

140 558 255 630 aequat,
277 553 353 612 Rud.
377 556 453 631 3183
476 553 559 613 Asin.
583 556 659 613 649:

268 673 364 733 'larris
387 672 564 750 superciliis,
586 678 734 734 contracta
756 673 865 750 fronte,
887 672 1120 749 fraudulentum.

267 777 441 836 Auscdltate
460 764 552 855 'astque
574 779 694 854 opertm
716 776 784 836 date
807 781 837 836 et
858 794 925 836 mea
946 776 1024 836 diota
1044 777 1191 837 devorate.

121 878 213 956 ¹llere
235 896 358 956 totidem
380 897 519 973 exempla
540 897 574 954 in
595 896 648 955 VI.
663 895 732 955 VH.
747 914 803 957 ars.
825 896 979 956 invenies:
1001 897 1138 974 pauciora
1158 896 1191 955 in
1212 896 1249 954 V.
1264 897 1319 956 VI.

140 998 296 1075 Smgrdare
324 999 572 1077 impedimentum
604 998 638 1056 in
663 999 711 1057 his
740 998 876 1060 versibus
904 999 1000 1076 poetis
1029 998 1155 1073 obstitit,
1189 1018 1257 1060 cum
1284 1001 1320 1058 in

36 1098 39 1103 ’
138 1102 299 1179 posteriore
321 1108 404 1178 parre
426 1120 488 1161 non
515 1102 598 1162 locus
625 1107 706 1161 esset
733 1102 850 1162 creticis
878 1103 1043 1162 vocabulis:
1076 1102 1217 1180 adquae
1244 1103 1321 1164 reci-

139 1204 249 1282 pienda
277 1223 345 1264 cum
372 1205 558 1283 aptissimum
585 1209 667 1264 esset
693 1204 800 1281 prioris
827 1205 1009 1265 hemistichii
1036 1205 1201 1265 secundum
1223 1207 1320 1281 colon,

138 1309 248 1368 factum
270 1314 325 1383 est,
346 1314 380 1367 ut
400 1294 591 1368 iambiconnn
613 1309 849 1385 septenariomm
874 1309 963 1368 tertia
992 1310 1067 1368 arsis
1088 1309 1176 1385 paulo
1198 1309 1320 1386 saepius

138 1411 340 1471 homoeoaroro
349 1411 591 1489 distingueretur,
600 1411 1083 1489 quamiamhioorumsenariorum,
1094 1412 1319 1487 coronariorum,

139 1514 352 1574 trochaieorum
374 1516 606 1593 septenariorum
628 1515 751 1592 quaevis
772 1515 847 1574 arsis
869 1518 937 1575 ante
960 1532 1119 1574 caesuram.

224 1617 421 1678 lamhicormm
453 1619 723 1695 quaternaricrmm,
757 1618 809 1695 qui
839 1622 870 1677 et
902 1636 920 1676 a
948 1617 1054 1676 Plauto
1081 1635 1146 1677 raro
1174 1636 1273 1695 neque
1301 1638 1320 1678 a

142 1720 280 1782 Terentio
302 1722 420 1799 saepius
442 1721 634 1797 adhibentur,
660 1721 832 1798 exemplum
854 1721 968 1798 sumpsi
989 1737 1029 1781 ex
1051 1719 1116 1780 Ter.
1138 1719 1214 1780 llun.
1238 1724 1318 1782 215:

490 1840 574 1916 Quod
590 1841 714 1918 poteris,
736 1842 772 1901 ab
795 1804 963 1917 arpenno.

225 1961 263 2020 In
289 1962 424 2022 versibus
451 1962 503 2039 qni
533 1963 674 2022 dicuntm
695 1962 834 2021 Raiaiami
860 1961 944 2020 nulla
970 1960 1031 2022 nisi
1059 1960 1151 2022 exilia
1179 1963 1319 2040 exempla

140 2064 266 2142 repperi,
288 2070 321 2124 ut
342 2065 404 2125 fere
427 2065 563 2126 dubitem
584 2066 641 2126 hoe
662 2066 792 2144 proferre
813 2066 880 2123 Aul.
903 2067 981 2125 430:

757 2218 797 2227 -
822 2183 899 2258 Quid
920 2188 954 2244 td
975 2184 1087 2244 malum
1108 2202 1201 2244 curas.

246 2287 352 2347 Utrum
374 2288 537 2349 crudumne
559 2307 597 2347 an
619 2292 735 2348 coctum
757 2287 847 2362 edim,
868 2286 928 2346 nisi
951 2291 984 2346 rh
1005 2287 1072 2347 mi’s
1096 2292 1181 2347 rmtor.

141 2407 201 2467 Sed
222 2427 283 2468 non
305 2409 437 2469 omittam
464 2410 497 2469 in
527 2410 630 2471 eadem
652 2408 824 2468 Aululan'm
851 2424 959 2468 scaena
980 2411 1113 2486 ,coquere
1134 2408 1184 2469 hic
1205 2410 1320 2469 aenam’

139 2511 185 2570 bis
207 2512 240 2571 in
262 2512 394 2572 clausula
414 2513 545 2590 positum
568 2531 635 2574 esse
658 2514 729 2587 431,
753 2512 802 2572 35.

229 2667 451 2728 Troahaharmm
490 2668 708 2728 coronariorum
740 2665 836 2728 eidem
874 2665 960 2725 alteri
992 2665 1180 2725 hemistichia
1212 2670 1319 2743 poetae

139 2768 338 2847 principatum
361 2771 514 2831 dedenmt.
548 2773 732 2847 Argumento
748 2774 795 2830 est
808 2766 983 2846 multiplicis
997 2768 1195 2828 homoeoarcti
1216 2786 1319 2829 exem-

140 2873 224 2950 plum
244 2874 422 2950 Ennianum,
444 2894 471 2934 v.
495 2877 565 2934 310.
582 2874 632 2934 R.:

204 2976 311 3038 Latere
333 2978 478 3054 pendens,
500 2981 572 3037 saxa
593 2994 738 3054 spargens
759 2976 835 3050 tiho,
857 2974 942 3034 samia
964 2980 994 3035 et
1015 2975 1165 3052 sanguine
1188 2979 1258 3034 atro.

140 3096 216 3156 Nam
238 3097 288 3156 hic
309 3099 399 3158 verba
420 3098 500 3158 inter
522 3117 554 3159 se
578 3098 720 3157 similiora
740 3097 774 3156 in
787 3095 840 3156 VI.
855 3095 924 3154 VII.
939 3112 995 3154 ars.
1010 3096 1105 3173 posita
1120 3100 1197 3155 sunt.
1230 3096 1319 3156 Idem

140 3219 209 3260 vero
242 3201 410 3278 duplicibus
437 3201 650 3261 homoeoarctis
678 3202 873 3260 confirmatur.
920 3198 1071 3276 Singulari
1099 3199 1242 3275 gravitate
1270 3205 1319 3260 est

141 3304 265 3380 septima
279 3305 361 3380 arsis,
383 3305 416 3363 in
438 3323 496 3382 qua
511 3305 611 3381 gravia
626 3309 657 3364 et
670 3305 760 3381 longa
782 3308 811 3363 et
826 3320 900 3381 qnae
918 3306 1009 3362 totam
1024 3301 1173 3378 dipodiam
1186 3309 1319 3380 aequent

140 3408 230 3467 verba
251 3408 397 3469 conlocari
419 3408 522 3468 solent.
555 3408 627 3467 Heo.
652 3409 722 3482 516,
747 3412 800 3484 173
822 3406 898 3466 Enn.
921 3410 957 3465 tr.
980 3408 1060 3482 2193
1081 3404 1155 3466 Nov.
1178 3425 1251 3466 com.
1274 3410 1315 3466 21

140 3508 207 3588 (hoc
228 3529 296 3571 cum
317 3511 524 3571 homoeocatal.
548 3533 573 3570 κ.
596 3503 702 3588 irritor.)

140 3633 229 3707 Perii,
251 3633 323 3709 quid
344 3633 449 3708 agam?
470 3635 529 3709 qud
551 3649 599 3690 me
622 3633 754 3691 vortam?
776 3629 849 3708 quid
871 3630 934 3689 viro
956 3648 1022 3689 meo
1043 3628 1227 3706 respondebo

140 3736 265 3796 Misera?
287 3754 356 3794 nam
377 3734 526 3795 audivisse
548 3753 650 3795 rocem
670 3735 757 3813 pueri
777 3735 871 3794 oisnst
892 3733 1046 3809 vagientis.

140 3839 221 3914 Quae
237 3839 411 3898 Corinthum
425 3857 524 3899 arcem
538 3839 629 3898 altam
642 3839 765 3909 hahetis,
787 3840 936 3897 matronae
952 3835 1119 3913 opulentae,
1142 3838 1316 3911 dpmmates.

139 3942 244 4002 Melior
266 3943 351 4002 cuius
373 3960 431 4002 vox
453 3942 623 4019 gillulasoit
644 3943 729 4003 cuius
750 3942 810 4001 iam
831 3959 932 4000 ramus
953 3939 1121 4000 roborescit.

229 4063 451 4125 lroelma'cormm
472 4064 665 4124 dimetrormm
684 4063 917 4134 marchelmum,
944 4060 1155 4133 carcharorum,
1176 4076 1318 4117 rhomam

140 4167 368 4242 composhomm
399 4186 435 4227 ea
465 4168 579 4227 dandas
612 4167 748 4246 impediis
780 4165 932 4226 trochaicis
963 4165 1038 4224 haee
1070 4161 1208 4239 exempla
1238 4179 1317 4238 pono

117 4264 203 4323 aare.
230 4273 318 4345 1145
336 4270 450 4331 Pseud.
477 4273 558 4351 591,-
580 4270 690 4335 Psend.
714 4268 905 4351 2113hp'1d.
924 4267 1112 4346 743Pseud.
1133 4267 1232 4324 ineu:
