2858 5010
595 716 808 782 ...99st

202 890 284 971 Capt.
306 899 361 954 act.
377 891 429 953 Iv.
452 911 492 954 sc.
514 897 542 954 2.
565 898 665 971 specta
686 912 775 971 quam
797 892 896 970 lepide
918 889 1064 970 parasitus
1086 889 1120 953 in
1141 889 1298 954 antithesi·
1375 896 1389 977 J

115 999 171 1057 bus
199 1002 342 1057 versetur.
383 997 480 1063 ,Cuius
508 1015 633 1057 scaenae
659 997 693 1056 in
730 997 791 1056 fine
825 997 1037 1071 homoeoarcta,
1058 989 1303 1073 'paronomasiaes

115 1120 302 1178 paregmena,
325 1102 502 1178 pareohcses
524 1101 673 1161 cumulata
695 1105 773 1160 sunt.
1035 1095 1037 1099 ’

200 1206 393 1266 Antitheseos
419 1205 608 1264 continuatae
636 1205 808 1281 exemplum
835 1204 1127 1280 praeclarum'extat
1147 1203 1227 1263 Trin.
1249 1223 1298 1264 vv.

13 1344 17 1353 ·
117 1311 177 1376 199
193 1326 256 1386 sqq.
318 1307 430 1382 Quodsi
460 1327 500 1368 ex
521 1308 569 1367 his
590 1307 727 1367 versibus
750 1324 801 1367 eos
831 1307 1023 1381 eiecerimus‚
1056 1315 1131 1384 quos
1161 1308 1298 1367 homines

116 1412 194 1481 docti
226 1413 393 1472 atheteseos
420 1417 490 1471 nota
519 1411 779 1487 significaverint,
812 1415 913 1479 amen
939 1410 1107 1487 complures
1136 1392 1299 1486 restaburit‚

88 1536 90 1540 ¹
116 1515 168 1590 qui
190 1533 279 1592 quam
300 1515 455 1592 eleganter
475 1515 509 1574 in
523 1514 666 1575 antithesi
680 1518 853 1588 versantia,
883 1513 969 1590 digni
991 1519 1061 1573 sunt
1083 1515 1299 1592 comparatione
1389 1596 1393 1603 ι

113 1636 183 1677 curn
206 1619 312 1679 Bacch.
335 1638 381 1677 vv.
407 1620 469 1678 540
485 1636 548 1698 sqq.
1103 1606 1108 1619 ⁸

199 1722 348 1797 Plautina¹
359 1740 407 1782 ars
422 1722 516 1782 enitet
537 1722 627 1782 etiam
648 1740 687 1781 ex
701 1721 810 1799 Amph.
825 1725 880 1780 act.
896 1721 936 1780 H.
959 1739 999 1781 sc.
1016 1724 1052 1798 23
1075 1722 1210 1799 quamvis
1225 1722 1299 1782 haec
1364 1799 1368 1803 Ι

115 1841 224 1884 scaena
251 1830 366 1905 praeter
397 1830 510 1885 ceteras
543 1825 674 1902 duplicis
707 1825 757 1884 vel
789 1824 917 1902 triplicis
948 1825 1164 1884 retractationis
1197 1828 1299 1902 aperta
1406 1838 1410 1845 ·

114 1929 241 2004 vestigia
262 1947 333 2005 prae
356 1947 388 1989 se
410 1929 495 1988 ferat.
519 1928 576 1988 Vr.
591 1932 654 1990 800
670 1946 733 2006 sqq.
755 1928 786 1988 F.
802 1927 935 1987 Plautini
957 1946 1024 2007 qssc
1039 1927 1185 1995 videntur.
1222 1927 1300 1988 Nam

115 2032 181 2092 fieri
208 2050 269 2092 non
295 2033 403 2110 potant,
437 2033 511 2110 quin
537 2032 715 2109 Amphitruo
749 2035 1005 2109 percunctaretur,
1039 2050 1115 2109 quae
1140 2032 1195 2092 ille
1216 2029 1300 2091 'alter
1344 2068 1347 2073 -

115 2130 292 2212 Amphitruo
307 2132 459 2212 gessisset.
491 2137 589 2214 Atque
606 2136 677 2196 huic
691 2135 916 2211 interrogationi
938 2140 1018 2194 arcte
1033 2135 1207 2195 coniunctae
1229 2140 1313 2194 sunt‘

115 2239 333 2299 controversiae
362 2240 589 2316 Amphitruonis
618 2239 860 2317 Alcumenaeque
887 2257 942 2316 per
973 2238 1205 2314 stichomythian
1233 2256 1299 2315 pro-

115 2342 257 2402 cedentes
286 2346 429 2419 812=sqq
467 2342 651 2424 'Excipiente
673 2347 772 2402 autem
800 2342 892 2401 altero
920 2341 1042 2401 alterius
1068 2342 1189 2418 singula
1209 2343 1299 2401 verba

116 2447 268 2523 oppositus
290 2463 470 2522 paregmeno
492 2446 671 2523 aliquotiens
693 2446 784 2506 etiam
805 2444 1071 2504 acriorredditur:
1303 2448 1308 2455 '
1409 2430 1413 2436 ⁵

180 2543 319 2626 'Opsecro
341 2553 465 2624 ecastor,
487 2568 562 2628 quor
575 2551 669 2638 istuc,
690 2551 733 2609 mi
753 2549 814 2622 aaa,
836 2566 876 2608 ex
897 2548 948 2607 ted
969 2548 1076 2607 audio?
1099 2580 1140 2589 —

185 2652 238 2712 Vir
259 2672 315 2730 ego
336 2659 406 2737 tuus
428 2654 505 2714 sim?
527 2655 566 2714 ne
588 2653 785 2730 mappella,
807 2652 896 2730 salsa,
919 2652 996 2730 salso
1019 2651 1148 2711 nomine.
1172 2687 1213 2695 -—

180 2755 258 2830 Quid
280 2776 337 2834 ego
357 2758 424 2833 feci,
447 2777 506 2835 qua
526 2760 619 2817 istaec
640 2763 761 2835 propter
782 2756 859 2816 dicta
880 2755 1018 2816 dicamur
1038 2756 1133 2815 mihi?
1155 2788 1196 2797 —-

179 2859 264 2935 Tute,
287 2861 396 2921 edicta
417 2862 495 2921 lacta
516 2866 582 2921 tua:
606 2880 646 2921 cx
667 2879 715 2921 me
738 2861 865 2939 quaeris
888 2860 962 2939 quid
984 2859 1168 2936 deliqueris?
1192 2892 1232 2899 —

179 2961 257 3036 Quid
278 2983 334 3041 ego
355 2964 410 3024 tibi
432 2965 552 3040 deliqui,
575 2965 602 3024 si
623 2965 694 3042 quoi
715 2968 810 3042 nupta
831 2982 899 3024 sum
922 2966 1016 3023 tectim
1038 2963 1114 3040 foi?

179 3066 246 3126 Tun
266 3087 382 3127 arwam
403 3069 521 3144 fueris?
544 3067 617 3144 quid
637 3068 708 3128 illac
729 3067 886 3145 inpudenti
907 3066 1081 3127 audaciust?

179 3169 299 3245 Saltem,
321 3171 417 3247 tuipte
440 3174 466 3230 si
487 3171 608 3248 pudoris
631 3173 730 3246 egeae,
752 3189 852 3231 sumas
874 3174 1016 3230 mutuom.
1040 3201 1082 3210 —

180 3266 272 3334 'Istuc
293 3274 418 3349 facinus
440 3273 519 3353 quod
541 3279 574 3333 tu
595 3273 761 3349 insimulas,
782 3278 883 3334 nostro
905 3273 1010 3351 generi
1031 3276 1093 3332 non
1114 3272 1207 3335 decet.

179 3376 225 3436 Tri
248 3379 274 3438 si
297 3397 345 3438 me
367 3376 546 3454 iopadteitui
567 3379 677 3454 criptas
701 3395 799 3454 cepere
821 3381 882 3437 non
903 3382 995 3455 potes.
1019 3408 1060 3418 —

200 3481 279 3557 llrgo
302 3481 442 3559 quoniam
470 3498 531 3540 non
554 3480 736 3556 contradico,
769 3500 808 3542 ne
831 3481 898 3559 quis
920 3481 988 3540 aliis
1010 3480 1049 3539 de
1070 3479 1168 3540 causis
1190 3479 1296 3538 Bacch.

116 3603 162 3644 vv.
187 3586 356 3646 sao-551
380 3604 398 3644 a
420 3589 587 3646 ceterorum
608 3603 750 3644 versuum
772 3588 914 3645 conteram
936 3588 1076 3661 seponat,
1097 3583 1226 3643 maxime
1248 3584 1298 3642 ob·

117 3689 227 3763 sistam,
250 3689 323 3766 quin
345 3688 533 3749 antitheseon
554 3671 738 3748 artificiosior
768 3705 841 3748 usus
863 3687 1079 3748 retractationis
1101 3687 1222 3764 signum
1244 3705 1298 3764 pu-

114 3799 201 3852 tetur.
246 3790 343 3864 Quid?
365 3792 444 3870 quod
465 3791 568 3852 multis
590 3792 665 3852 locis
687 3809 757 3852 vere
771 3791 919 3851 Plautinis
941 3791 1099 3852 manifesta
1113 3791 1297 3851 concinnitas

116 3901 146 3955 et
168 3895 252 3973 quasi
274 3895 447 3971 symmetria
456 3891 478 3972 ¹)
501 3897 707 3972 cognoscitur?
744 3895 837 3955 Cuius
859 3895 905 3955 rei
926 3899 957 3955 et
972 3884 1056 3954 ¹'inira
1078 3895 1218 3971 exempla
1232 3911 1298 3970 pro·

115 4000 220 4059 duom
249 4003 279 4058 et
304 4016 387 4058 nunc
415 3999 561 4063 exhibebo
589 3980 697 4060 Pseud.
730 4004 784 4060 aot.
807 3988 849 4073 Π,’
878 3996 929 4074 1²)
957 3998 1066 4058 cantici
1097 3997 1232 4074 irritium3
1265 3997 1298 4055 in

117 4098 278 4113 ...ᾤ-..-

201 4136 262 4185 814.
280 4129 378 4186 Haeret
395 4131 462 4186 haec
480 4148 531 4201 res,
550 4133 574 4187 si
592 4132 699 4201 quidem
716 4132 783 4186 haec
800 4131 855 4186 iani
873 4129 969 4185 mulier
985 4130 1081 4185 iactast
1098 4129 1132 4182 ex
1150 4130 1216 4183 uiro.

201 4216 227 4285 1)
244 4217 305 4270 Non
322 4216 456 4273 adsentior
473 4218 632 4287 expositioni
649 4217 680 4271 R.
698 4216 798 4272 Klotzii
822 4217 913 4287 ‘Allitt
931 4234 957 4271 u.
977 4215 1135 4285 Symmetrie
1153 4215 1196 4269 bei
1215 4215 1242 4269 Τ.
1260 4215 1296 4270 Μ.

115 4302 163 4356 Pl)
182 4303 229 4356 sed
247 4303 451 4358 concinnitatem
474 4302 502 4356 in
519 4304 580 4360 aliis
598 4305 757 4373 quibusdam
775 4302 855 4358 rebus
873 4303 970 4371 habe03
997 4305 1113 4358 ceterum
1136 4301 1168 4355 K.
1187 4302 1296 4357 mutatis
1404 4328 1407 4334 ·

115 4389 201 4444 modis
219 4390 328 4445 canticis
346 4389 481 4444 abstinuit.

200 4476 227 4545 ἓ)
245 4481 295 4530 576
317 4476 401 4531 troch.
423 4475 587 4533 Ritsohelius
610 4476 688 4532 discr.
707 4481 770 4531 ott.
790 4481 841 4531 578
867 4476 896 4530 in
918 4491 1002 4530 unum
1019 4474 1196 4544 septenarium
1214 4474 1296 4528 trech.

115 4562 251 4617 contraxit.
278 4563 343 4617 item
360 4579 395 4616 ex
412 4579 456 4617 vv.
476 4567 532 4617 580.
553 4566 585 4616 81
604 4563 687 4617 trech.
705 4565 771 4634 sept
790 4563 860 4632 feeit,
880 4567 938 4616 583.
957 4566 991 4616 86
1008 4561 1096 4614 trech
1110 4560 1310 4613 ostentasset.

115 4649 258 4711 Iorenzius
275 4666 300 4704 v.
320 4653 371 4704 576
388 4648 470 4705 altero
487 4649 659 4706 hemistichia
677 4648 766 4706 deleto
784 4648 989 4720 conputamus
999 4651 1058 4697 ω,
1080 4644 1113 4692 et
1123 4645 1195 4688 ω.
1219 4636 1266 4681 'nn
1274 4633 1341 4679 ssu.

109 4734 135 4785 B
152 4751 193 4789 rr.
212 4740 270 4790 ow.
292 4740 331 4791 78.
357 4740 390 4792 79
413 4737 442 4792 in
459 4755 549 4796 unum
573 4740 665 4799 coacti
686 4741 756 4797 sunt
769 4738 901 4807 'atomum
916 4749 971 4788 W
985 4733 1057 4782 ω’
1069 4722 1190 4853 *J
