2858 5010
553 296 834 361 .-48-

224 474 302 534 Nam
325 475 351 534 si
372 474 452 550 ignis
474 473 556 534 vivet
578 474 749 549 cctnguere
771 473 946 550 extempulo.

224 578 334 656 Aliquo
355 578 432 637 illud
452 583 537 656 pactu
559 577 686 653 optingit
707 579 838 652 optatum
860 576 926 652 piis.

222 680 303 740 Num
324 683 403 741 mile
425 682 546 742 relatast
567 681 669 756 gratia,
690 684 725 739 ut
746 679 899 756 contegam
920 679 1100 737 conlaudavi.

224 783 282 857 Qui
303 787 386 862 ipsus
408 802 441 843 se
463 783 633 857 eontemnit,
655 783 688 841 in
711 787 776 842 eost
796 782 912 842 indoles
934 781 1104 840 industriae.

223 871 278 946 l'lst
299 888 379 946 domi
401 886 480 964 quod
502 886 627 961 edimus,
649 904 688 945 ne
711 903 765 945 nos
787 888 848 944 tam
869 885 1059 962 contemptim
1079 889 1219 944 centenas.

39 1014 43 1023 '
138 1008 237 1069 Tertio
271 1007 376 1068 eadem
408 1006 624 1084 praepositione
652 1006 813 1083 composito
843 1009 933 1067 verbo
965 1005 1121 1082 adsumpto
1153 1004 1320 1080 Mil.197;

137 1111 214 1170 Eun.
236 1116 272 1169 tr.
293 1113 373 1171 -1232

202 1214 282 1273 de
304 1231 360 1289 ego
381 1213 456 1273 mibi
477 1192 601 1272 coasilia
621 1212 655 1271 in
675 1213 809 1272 animum
831 1217 958 1273 mordeo
980 1217 1011 1272 et
1033 1213 1104 1271 dum
1125 1211 1255 1269 consulo.

126 1342 128 1347 ·
205 1317 314 1376 Prioem
335 1316 415 1375 inter
437 1318 504 1376 sese
526 1316 683 1375 conciliant
705 1316 861 1375 conferunt
881 1315 1071 1375 corcodrdiam.

138 1436 414 1496 Manifestissimum
435 1441 535 1496 autem
557 1441 603 1496 est
624 1437 734 1513 triplex
755 1435 832 1495 illud
855 1454 894 1494 ex
916 1435 982 1495 'len
1004 1435 1110 1494 Heaut.
1134 1437 1212 1508 209,
1241 1433 1322 1510 quod

139 1540 281 1599 Claudius
304 1539 420 1599 Sacerd.
443 1559 471 1616 p.
494 1541 566 1613 458,
584 1543 622 1600 28
646 1540 679 1598 in
702 1539 894 1615 tparhomoeo’
917 1539 1032 1615 posuit:

312 1642 480 1716 Necessest,
503 1641 788 1718 Clitiphd‚·coosalia
808 1642 948 1718 consequi
970 1641 1143 1701 mastmilia.

224 1781 283 1841 Sed
312 1781 414 1839 videas
436 1779 509 1856 quid
537 1778 614 1838 illud
641 1785 797 1856 ‘quantum
813 1779 984 1855 potueruut
1014 1780 1071 1839 sibi
1092 1780 1174 1839 velit.
1218 1777 1322 1837 Poetis

138 1885 220 1944 enim
248 1883 462 1960 impedimento
491 1883 613 1943 fuerunt
633 1883 786 1942 corborum
818 1883 933 1958 formo,
967 1883 1151 1955 coniunctio,
1179 1900 1322 1940 coruum

138 1986 320 2062 compositio.
1222 2048 1224 2053 .

221 2089 357 2148 Primum
384 2089 477 2165 igitur
507 2094 608 2166 specta
636 2090 774 2166 sormam.
820 2088 964 2163 Quotiens
985 2090 1076 2148 verba
1102 2093 1153 2148 aut
1175 2088 1211 2148 ab
1232 2088 1321 2147 initio

136 2192 261 2250 iambica
282 2193 375 2250 forma
397 2197 483 2251 sunt:
507 2222 529 2249 υ
539 2233 558 2241 -
575 2204 579 2271 Ι
653 2198 686 2251 ut
707 2192 874 2269 peculiaris,
897 2198 948 2251 aut
963 2193 1072 2254 cretica
1085 2193 1119 2250 in
1131 2194 1192 2252 fine
1204 2192 1321 2251 duabus

136 2295 276 2354 brevibus
294 2295 418 2369 syllabis
438 2284 536 2354 unav‘e
552 2295 641 2370 longa
657 2295 917 2371 praecedentibus:
934 2313 979 2358 a
999 2291 1004 2373 Ι
1023 2337 1045 2346 -
1055 2335 1109 2358 e·
1120 2301 1154 2355 ut
1164 2296 1321 2373 sapientia,

136 2398 336 2474 paenissuma
352 2398 470 2475 primae
494 2416 595 2456 eorum
617 2398 750 2473 syllabae
784 2399 816 2456 in
838 2399 953 2459 ansibus
976 2400 1167 2459 iambieorum
1193 2400 1322 2459 trochai-

31 2506 37 2521 ⁰
137 2519 298 2578 eorumque
319 2519 460 2560 versuum
482 2505 583 2560 extare
605 2519 666 2560 non
687 2506 820 2577 possunt.
853 2503 922 2561 Aul.
944 2505 1022 2579 4663
1046 2502 1129 2562 anc.
1152 2502 1224 2562 Stat.
1242 2505 1321 2562 aab:

343 2603 401 2677 Qui
424 2603 495 2663 anui
517 2607 579 2663 erat
594 2604 757 2679 peculiaris
778 2602 909 2681 perdidit
928 2609 1124 2681 promissarum.
1237 2664 1243 2678 ,

343 2706 438 2784 Saepe
459 2710 505 2766 est
527 2706 617 2766 etiam
639 2707 694 2766 sdb
716 2707 837 2783 palliolo
859 2708 977 2769 sdrdide
999 2707 1154 2784 scpic‘mcc.

223 2827 323 2887 Verba
343 2833 456 2902 autem,
484 2845 559 2904 quae
581 2827 637 2886 hae
659 2827 752 2886 ferma
773 2834 858 2901 sunt,
884 2828 975 2887 etiam
996 2828 1191 2887 outcocdoatio
1212 2827 1238 2886 si
1259 2831 1321 2885 tro-

139 2930 263 2990 chaeum
284 2931 334 2990 vel
355 2931 520 3008 spondeum
541 2934 680 3007 aequent,
701 2931 743 2990 ita
763 2935 912 3008 premunt,
934 2935 968 2989 ut
989 2949 1028 2990 ne
1051 2932 1124 2990 haec
1141 2929 1264 3008 quidem
1285 2930 1320 2989 in

137 3034 254 3095 arsibus
276 3038 377 3093 extare
399 3033 522 3110 possint.
555 3033 648 3093 Naev.
671 3052 745 3094 eom.
771 3037 847 3112 113;
869 3034 976 3094 Bacch.
1000 3037 1057 3094 96:

290 3136 398 3196 Libera
421 3135 525 3212 lippari
548 3136 701 3213 loquemur
722 3136 803 3196 ludis
824 3136 1004 3196 liberalibus.

289 3238 335 3297 'ld
356 3239 443 3298 facite
465 3242 640 3316 opsonatum
661 3239 747 3298 nobis
770 3240 809 3299 sit
830 3239 1002 3316 opulentum
1023 3241 1190 3316 marceium.

225 3341 289 3401 Nee
309 3342 483 3418 pyrrhichia
505 3347 629 3420 excepta
650 3347 729 3417 sunt,
755 3342 781 3402 si
802 3343 877 3402 haec
896 3373 948 3400 υυ
963 3354 967 3421 Ι
985 3373 1067 3400 -o-
1084 3342 1269 3420 praecedant.

42 3506 45 3511 ,
140 3441 215 3503 Rud.
240 3448 316 3505 607:
360 3444 489 3505 Videtur
510 3446 588 3505 ultro
609 3446 684 3505 mibi
705 3446 821 3504 molam
841 3444 1018 3505 minitoricr.

224 3564 420 3642 Aliquantum
442 3565 531 3626 etiam
553 3565 736 3626 difficultatis
758 3566 858 3625 attulit
879 3585 1019 3625 omsowm
1033 3572 1190 3626 structura.
1220 3566 1322 3643 Atque

138 3666 176 3726 ad
197 3667 431 3727 conciliationem
452 3675 587 3728 comatus
606 3669 796 3746 prommctici
817 3676 843 3728 ct
864 3670 978 3729 metrici
997 3669 1136 3746 pertinet,
1158 3668 1236 3746 quod
1251 3687 1322 3746 poe-

138 3774 186 3828 tae
209 3776 365 3846 caverunt,
392 3790 431 3832 ne
452 3772 563 3849 primas
586 3773 716 3848 syllabas
745 3772 1008 3832 choriambieorum
1035 3773 1321 3850 molossieorumque

139 3874 347 3932 vocabulorum
368 3875 402 3934 in
423 3876 539 3936 arsibus
553 3877 692 3936 locarent.
722 3872 808 3935 Most
825 3877 903 3952 3523
927 3873 1008 3951 Oapt.
1028 3869 1141 3957 651l2;
1161 3875 1226 3934 'Mil
1240 3878 1322 3936 650:

205 3970 260 4035 'Ita
281 3978 353 4037 mali
374 3979 519 4037 moeroris
540 3983 673 4039 montem
693 3996 867 4038 maxumum
888 3976 926 4036 ad
947 3982 1064 4054 portum
1086 3978 1181 4037 modo.

694 4113 736 4122 —
758 4113 801 4124 ——
824 4081 902 4156 Quid
923 4082 1051 4156 cessatis,
1074 4080 1235 4159 odnpedes‚

204 4180 330 4242 Odrrere
352 4183 390 4242 ad
411 4201 460 4244 me
482 4184 608 4261 meique
630 4183 770 4260 amplecti
792 4187 878 4244 crura
898 4188 938 4243 ut¹
953 4202 1006 4244 vos
1028 4185 1201 4245 custddiam.

183 4280 296 4354 Neque
307 4286 471 4361 praerapto
490 4286 728 4365 pulpamentum
750 4288 851 4367 neque
872 4293 1022 4365 peccato
1042 4289 1200 4364 menium..
1294 4360 1308 4383 ἦ
