2858 5010
607 639 797 702 ..9-

115 816 195 871 sunt.
240 813 285 872 Ac
306 831 345 872 ne
360 816 474 872 veteres
496 812 617 890 quidem
631 813 784 890 praeteriit
803 815 947 890 rhetores,
969 834 1057 893 quam
1072 817 1171 876 fluxae
1194 822 1295 875 essent

113 914 251 976 notiones
280 933 382 975 earum
404 914 511 993 quibus
540 917 700 977 utebantur
727 936 840 978 vocum.
885 918 1018 979 Rutilius
1039 919 1143 997 Lupus
1172 919 1294 998 quidem

114 1019 251 1079 elocutus
281 1023 326 1079 eet
353 1019 559 1095 ,perhomoeon
587 1025 618 1079 et
633 1006 902 1083 'homoeoteleuton
929 1026 960 1083 et
981 1022 1209 1101 homoeoptoton
1230 1022 1293 1083 fere

113 1140 175 1182 nen
196 1122 326 1181 multum
347 1122 427 1182 iuter
449 1140 482 1182 se
498 1122 627 1199 distore',
648 1124 729 1184 unde
743 1125 853 1185 fuctum
876 1131 930 1200 est,
951 1126 1118 1187 utiliorum
1132 1128 1295 1203 figurarum

53 1305 56 1309 .
114 1224 320 1286 definitionem
342 1227 536 1286 constitueret
557 1227 681 1287 minime
703 1234 876 1288 accuratam.
974 1260 977 1265 Δ

204 1347 220 1418 ἕ
244 1347 272 1405 3.
306 1345 440 1406 Primum
461 1346 554 1423 igitur
580 1347 614 1407 dc
635 1348 729 1408 uerbis
747 1346 932 1425 pennalibus
959 1349 1063 1427 paucis
1089 1330 1165 1408 mihi
1185 1367 1295 1410 memo·

113 1448 241 1509 randum
261 1453 317 1509 est.

199 1553 299 1629 Atque
326 1553 405 1630 quod
431 1553 546 1614 similes
572 1555 685 1630 liginee
714 1555 835 1616 nomine
858 1550 1017 1631 Gorgiae)
1046 1554 1251 1632 significarim
1277 1575 1295 1614 a

113 1656 205 1717 schol.
236 1654 327 1716 Thuc.
350 1655 380 1733 I,
403 1659 437 1716 2:
480 1652 520 1731 ιτὸ
545 1651 577 1716 δὲ
599 1659 695 1735 σχῆμα
717 1660 770 1716 τοῖν
793 1650 1063 1735 ὅμοιοκαταλήκτον
1093 1656 1295 1737 Γοργίειον

113 1759 261 1829 καλεῖται’,
286 1762 364 1820 1443
387 1755 445 1834 ,ἐπὶ
463 1756 553 1819 πλέον
575 1757 710 1819 ἐνταῦθα
728 1763 785 1820 τῶν
808 1754 904 1821 ι’ίλλων
921 1754 940 1838 ἡ
958 1759 1158 1840 Γοχρίειος
1173 1753 1294 1838 ἐλήφθη

114 1859 296 1940 παρίσιοσις’,
317 1863 460 1941 idemque
489 1862 638 1943 ,Γοργίεια
666 1858 806 1942 σχήματα
834 1865 1012 1925 vocabulum
1036 1865 1190 1925 invenitur
1215 1864 1306 1941 apud*

113 1965 199 2026 Dion.
221 1965 289 2026 Hal.
311 1965 365 2042 VI,
387 1985 416 2045 p.
440 1970 511 2042 760,
536 1971 583 2027 10.
605 1967 640 2026 R.
663 1960 801 2045 ,σχήμασί
822 1988 852 2027 τε
874 1972 1038 2046 ποιητικοῖς
1060 1964 1183 2045 ἐσχοίτην
1205 1988 1294 2045 προς·

113 2061 273 2146 βάλλουσιν
300 2062 411 2148 ίιηδίαν
439 2067 491 2129 καί
512 2065 637 2148 μάλιστα
659 2075 721 2141 τοῖς
753 2069 1042 2151 Γοργιείοιςέ
1065 2073 1136 2147 966,
1166 2073 1221 2146 15,
1258 2071 1294 2129 cf.

113 2172 205 2232 etiam
228 2176 324 2249 1033,
347 2179 382 2252 73
413 2173 493 2251 apud
514 2173 598 2234 Phot.
621 2193 646 2235 e.
671 2178 741 2250 168,
762 2193 791 2253 p.
816 2179 892 2250 115⁸,
917 2178 971 2234 14:
994 2168 1036 2249 ,ri
1060 2170 1093 2233 δὲ
1115 2172 1182 2232 λίαν
1204 2194 1293 2251 προς-

113 2270 200 2354 κορὲς
220 2278 272 2353 τῆς
294 2279 406 2355 τροπῖχς
428 2274 479 2335 καί
501 2278 558 2336 τῶν
581 2277 786 2357 χορχιείων
808 2271 987 2354 σχημάτων’;
1020 2296 1078 2355 quo
1100 2277 1191 2337 etiam
1218 2275 1295 2335 illud

113 2379 266 2440 Ciceronis
287 2381 480 2441 referendum
502 2384 549 2441 est
571 2399 610 2441 or.
633 2380 700 2455 LII,
724 2382 801 2442 175:
836 2381 927 2458 ,paria
956 2381 1076 2458 paribus
1104 2380 1244 2440 adiuncta
1265 2384 1295 2438 et

112 2482 250 2543 similiter
281 2480 405 2544 definiit
436 2485 569 2562 itemque
603 2484 758 2544 contrauIs
789 2484 884 2544 relate
915 2485 1061 2544 contraria
1076 2529 1083 2541 .
1099 2529 1128 2542 ..
1167 2458 1295 2559 Go'rpc'cs

109 2586 231 2662 μνῖνααο
252 2587 393 2647 τ’ννονιίί’.·
416 2606 505 2648 neme
522 2587 644 2666 quidem
659 2587 799 2664 Gorgiam
820 2587 892 2647 artis
907 2586 1096 2647 inventorem
1118 2586 1210 2646 hrisse
1226 2604 1295 2646 con·

113 2689 206 2765 cedet,
228 2690 255 2750 ei
276 2691 468 2751 Aristotelem
489 2692 597 2751 viderit
619 2709 680 2751 non
703 2691 799 2751 solum
821 2710 884 2751 non
897 2690 1049 2751 dubitasse
1065 2682 1294 2768 παρομοιώσεως

113 2786 178 2851 κατ’
197 2786 291 2871 ἀρχὴν
312 2796 370 2853 τῶν
393 2788 495 2853 κώλων
517 2790 783 2872 (homoeocetercti)
805 2795 977 2873 exemplum
999 2812 1038 2854 ex
1051 2794 1117 2871 ipse
1131 2793 1261 2852 Homero
1268 2790 1292 2868 2)
1389 2794 1395 2803 '

112 2902 251 2973 repetere
272 2896 329 2956 Rh.
352 2896 408 2972 IH,
432 2901 460 2972 9,
481 2916 509 2974 p.
536 2901 605 2958 123.
629 2897 687 2976 Sp,
717 2898 772 2959 sed
802 2898 892 2958 etium
918 2898 972 2957 illo
999 2898 1063 2957 leco
1086 2914 1182 2974 ‚quem
1204 2913 1294 2973 supra
1362 2974 1366 2979 Ι

114 2994 152 3077 (p.
177 2996 207 3075 5)
234 3000 345 3077 protuli
372 3000 428 3060 Rh.
450 3000 507 3075 III,
543 3005 577 3076 1,
606 3020 634 3079 p.
659 3005 730 3075 109,
753 3004 803 3075 24,
837 2999 908 3060 satis
937 3000 1027 3077 plane
1054 2999 1205 3059 elocutum
1223 3016 1294 3065 ,esse

113 3102 224 3180 primos
246 3107 375 3163 oratores
397 3109 427 3163 et
449 3103 589 3180 Gorgiam
610 3105 695 3165 lexin
717 3122 802 3164 suam
823 3104 856 3162 in
877 3108 1031 3180 poetarum
1045 3101 1166 3162 modum
1187 3102 1291 3161 forme·

113 3205 203 3265 visse.
247 3205 307 3266 Sed
329 3205 387 3266 etsi
402 3206 527 3283 Gorgias
550 3226 611 3266 non
625 3208 724 3284 putari
746 3212 852 3285 potest,
875 3207 989 3267 similes
1003 3207 1114 3282 figuras
1133 3204 1294 3279 inuenisse,

114 3312 214 3368 tamen
235 3308 273 3368 ad
295 3314 388 3369 artem
409 3310 587 3371 rhetoricam
613 3329 675 3370 non
703 3311 789 3389 parvi
816 3311 873 3369 fuit
894 3302 1051 3383 momenti,
1082 3327 1152 3369 cum
1171 3308 1295 3385 μνῖνιαε

109 3411 201 3488 μανία
221 3430 256 3471 ac
276 3412 392 3472 similia
413 3414 583 3474 adhibuisse
603 3415 736 3475 viderur
757 3399 796 3473 od
817 3413 980 3473 orationem
1001 3412 1130 3472 solutum
1151 3429 1295 3470 οποννοπ·

113 3514 184 3574 dosm
205 3522 291 3592 atquc
312 3517 517 3577 οποοαονιίοοι.
549 3517 634 3591 Quod
655 3518 736 3579 idem
757 3519 911 3579 confirmet
934 3515 1040 3576 Suides
1062 3515 1095 3573 in
1115 3514 1213 3574 lexico
1228 3517 1294 3574 s.'v.

117 3618 258 3698 Γορχίαςε
288 3605 420 3696 ,οὗτος
442 3623 589 3699 πρῶτος
616 3624 664 3702 τῷ
685 3619 873 3702 ῥητορικῷ
901 3617 995 3678 ε’ίὸει
1022 3620 1087 3695 τῆς
1114 3614 1294 3686 παιδείας

114 3716 279 3800 δύναμίν
301 3744 338 3782 τε
368 3716 583 3803 φραστικῖχν
605 3721 666 3783 καί
695 3720 831 3800 τέχνην
859 3720 985 3790 ἔδωκε,
1024 3723 1148 3800 τροπαῖς
1181 3739 1211 3778 τε
1244 3714 1295 3777 καί

112 3830 296 3905 μεταφοραῖς
318 3824 370 3886 καὶ
384 3819 571 3906 ἆλληγοριαῖς
585 3823 636 3886 καὶ
651 3820 833 3905 ὕπαλλαχαῖς
855 3823 906 3884 καὶ
920 3817 1115 3903 καταχρήσεσι
1134 3819 1184 3882 καί
1204 3814 1294 3901 ὑπερ-

113 3923 219 4007 βᾶσεσι
241 3927 292 3989 καί
314 3923 531 3989 ἆναδιπλοίσεσι
553 3927 604 3989 καὶ
620 3922 824 4007 ἐπαναλήψεσι
846 3925 897 3987 καὶ
912 3921 1118 4005 ἀποστροφαῖς
1140 3923 1190 3984 καὶ
1210 3945 1294 4017 παρι-

114 4027 238 4092 σώσεσιν
261 4026 420 4112 ἐχρήσατα.
463 4033 609 4095 Diodorus
631 4033 689 4095 Sic.
712 4032 788 4109 XII,
812 4033 869 4108 53,
898 4050 967 4092 cum
996 4029 1136 4106 Gorgiam
1162 4028 1295 4105 legctmn

112 4156 131 4197 a
151 4136 310 4197 Leontinis
331 4138 465 4198 Athenas
487 4138 607 4198 venisse
630 4141 729 4196 narrat
750 4138 907 4214 πρῶτος
929 4126 998 4215 γὰρ
1022 4125 1222 4211 ἐχρήσατο,
1245 4130 1296 4205 eit,

113 4242 166 4319 τῆς
188 4236 291 4311 λέξεως
314 4245 521 4363 σχηματισμοῖς
543 4236 772 4319 περιττοτὲροις
777 4236 829 4298 καὶ
850 4261 887 4323 εχ
911 4235 1077 4319 φιλοτεχνία
1101 4231 1295 4313 διαφέρουσιν
1392 4266 1396 4271 -

114 4336 281 4453 ἀντιθέτοις
296 4340 347 4401 καί
363 4337 515 4415 ἰσοκώλοις
530 4340 581 4402 καὶ
596 4342 734 4421 παρίσοις
757 4339 807 4401 καὶ
829 4334 1059 4419 ὃμοιοτελειίτοις
1081 4338 1132 4398 καί
1147 4355 1222 4397 τισιν
1237 4334 1294 4397 ἑτέ-

183 4446 281 4543 1).Ἠ
299 4475 329 4528 Ε.
347 4473 439 4540 Icus,
458 4475 499 4546 de
517 4474 594 4544 Gorg
613 4473 715 4528 Leont’
717 4476 768 4543 ‚p
787 4478 821 4526 64
839 4487 895 4541 sqq

202 4560 281 4629 2)Β
298 4559 483 4627 Buchholz,
502 4561 549 4629 Ile
567 4559 761 4614 ellitterationis
778 4558 867 4613 indole
885 4560 963 4627 atquo
984 4560 1079 4613 nehus
1100 4523 1216 4624 ususque
1233 4554 1296 4607 Ho-

114 4646 232 4701 morici
244 4645 452 4713 lineamentum
440 4648 506 4701 rtem
517 4644 658 4715 Moehlyus
669 4644 687 4698 1.
699 4644 717 4698 1.
735 4642 869 4699 veteribus
879 4642 967 4712 poetis
978 4642 1086 4701 Graecis
1098 4656 1203 4709 operam
1215 4637 1299 4691 (ledii.
