2858 5010
630 224 970 287 -62—'

277 374 361 462 11888
383 399 439 458 erit
460 418 550 477 quem
571 405 605 459 tu
627 400 714 461 tolles
735 401 768 459 18
789 400 904 459 coenula
924 400 995 459 88811
1019 395 1024 478 Ι
1050 400 1182 479 Templa

277 505 356 580 Quos
378 503 429 564 ubi
451 522 505 563 rex
526 504 650 581 populos
673 504 773 580 spexit
794 502 832 565 de
854 504 986 563 cautibus
1007 505 1103 565 celsis.

278 603 361 669 'Inde
382 607 522 686 patefecit
543 607 634 667 radiis
655 611 718 666 rota
739 606 864 667 condida
884 608 1007 667 coelum.

275 711 403 772 Limine
426 712 470 772 sic
490 711 617 772 tremulo
638 714 716 771 terra
737 714 769 772 et
789 728 860 770 8888
881 711 998 770 coerula
1019 713 1155 773 condent

276 815 333 876 Hic
355 833 454 894 neque
476 818 541 874 tum
563 814 635 874 88118
656 817 719 874 rota
740 814 824 874 cerni
846 813 957 874 lumine
979 814 1066 891 largo.

276 914 449 981 'Intervalla
470 919 534 978 vias
556 935 688 977 conexus
705 916 838 994 pondere
855 917 971 994 plagas.

274 1023 465 1101 Membraque
488 1020 622 1082 dividere
645 1024 676 1081 et
697 1039 819 1098 magnas
841 1021 998 1097 disponere
1015 1026 1126 1096 partes.

273 1126 339 1185 Hdc
360 1131 406 1186 est
427 1144 445 1185 a
464 1126 552 1186 tonis
573 1125 667 1184 altum
689 1142 843 1184 secernere
865 1124 987 1184 caelum.

228 1258 230 1263 .
273 1228 347 1289 Tem
367 1229 463 1305 magis
485 1246 659 1306 expressere
682 1246 813 1305 eaquae
835 1246 915 1288 mare
937 1228 1034 1287 sidera
1056 1229 1157 1288 solem.

271 1345 348 1390 zoe
369 1332 448 1410 quod
470 1332 615 1408 gracilast,
632 1332 749 1408 pernix,
771 1331 851 1409 quod
867 1336 995 1407 pectore,
1011 1350 1097 1408 puro.

271 1437 355 1507 Haec
375 1440 439 1495 tum
460 1435 605 1495 clarisona
625 1439 779 1512 pectentes
801 1434 911 1495 8811888
931 1453 1009 1496 occe.

268 1539 448 1617 Putridaque
470 1539 597 1599 infirmis
620 1538 776 1598 variabunt
792 1542 915 1615 pectora
931 1539 1050 1614 palmis.

268 1637 315 1703 'In
336 1643 447 1703 foribus
467 1643 563 1703 letum
584 1642 750 1718 Androgeo,
771 1646 836 1701 tum
852 1642 987 1718 pendere
1004 1660 1128 1718 poenas.

268 1741 438 1824 'Adspirant
453 1764 541 1805 aurae
564 1746 597 1804 in
612 1749 730 1806 noctem
743 1763 800 1805 neo
814 1745 939 1804 candida
960 1764 1061 1806 888888
1087 1741 1091 1823 l
1120 1746 1205 1806 Luna
1219 1754 1319 1824 negat.

267 1849 504 1928 speluncamque
526 1849 602 1927 petit
624 1844 761 1927 (pedibus
783 1849 870 1910 timor
891 1849 1007 1909 addidit
1028 1846 1110 1924 8188).

224 1988 262 2047 n
282 1987 335 2047 ru.
358 1987 395 2047 8.
417 2005 473 2048 ars.
495 1986 572 2048 ann.
594 1966 736 2047 88888.
759 1988 837 2064 838
868 1987 955 2046 uuor.
977 1987 1030 2063 88,
1054 1990 1130 2065 7893
1157 1987 1194 2063 u,
1218 1968 1341 2067 11933'

141 2091 202 2151 cat.
224 2091 332 2166 8888,
356 2095 404 2152 84.
428 2094 479 2151 48.
503 2094 552 2151 88.
577 2093 652 2150 194:

292 2210 476 2290 Quemquam
497 2210 591 2269 multa
611 2227 716 2268 manus
737 2211 776 2269 ad
797 2210 872 2271 88811
893 2211 1007 2269 8888818
1027 2212 1146 2288 templa.

166 2344 170 2351 ·
291 2316 380 2374 Pdste
402 2313 565 2374 recumbite
585 2317 742 2391 vestraque
760 2318 880 2389 pectora
895 2314 1000 2390 pellite
1021 2315 1123 2374 tonsis.

185 2480 188 2485 ,
292 2417 449 2478 cernimus
471 2418 504 2476 in
526 2416 638 2476 somnis
660 2421 692 2476 et
712 2417 816 2476 mollia
837 2419 966 2478 membra
988 2436 1116 2478 movere.

290 2516 338 2580 'Et
359 2504 454 2598 rapidi
475 2521 610 2581 fremitus
633 2525 663 2580 et
683 2538 836 2580 murmura
856 2539 966 2596 magna
987 2521 1143 2581 minarum.

290 2624 352 2684 Vos
375 2643 430 2701 ego
453 2642 542 2701 saepe
564 2642 638 2699 meo,
660 2642 712 2683 vos
735 2625 863 2697 carmine
885 2624 1064 2700 compellabo.

288 2726 357 2788 Non
379 2729 514 2804 glabeam
535 2745 628 2806 prono
650 2727 788 2787 convellit
809 2745 926 2787 comere
948 2732 1058 2788 taurus.

289 2831 425 2906 Lumina,
447 2850 536 2909 quam
557 2835 661 2897 cuncto
683 2831 815 2907 concepit
837 2848 955 2908 empore
976 2831 1134 2890 flammam.

288 2920 566 3012 l'rdns'expirantis
588 2938 752 3012 praeponat
768 2935 900 3010 pectoris
922 2935 990 2993 1888.

226 3106 333 3166 Versus
361 3107 538 3184 pentametri
564 3087 788 3166 homoeoarcton
816 3106 958 3166 nimirum
983 3107 1016 3165 in
1045 3105 1097 3165 IV.
1119 3106 1156 3165 V.
1179 3126 1233 3166 ars.
1256 3108 1308 3166 ha-

137 3211 215 3271 bent.
261 3210 322 3271 Cat.
344 3210 453 3283 LXVI,
477 3215 526 3272 78.
551 3214 607 3287 8Ο;
631 3209 694 3270 Tib.
716 3209 741 3285 I,
763 3213 792 3285 4,
817 3214 873 3270 12:

359 3309 513 3409 ongum
535 3331 632 3393 8888
653 3331 738 3390 mma
759 3330 854 3390 mue
875 3329 945 3389 881.

359 3435 427 3496 Non
447 3436 530 3514 prius
552 3435 702 3495 unanimis
724 3452 841 3511 corpora
862 3433 1043 3510 coniugibus.

359 3541 418 3601 Hic
438 3539 586 3618 placidam
607 3539 695 3599 niveo
712 3541 831 3614 pectore
847 3537 935 3613 pellit
956 3554 1070 3614 aquam.

218 3728 422 3791 Homoeoarcti
443 3747 544 3804 usum,
577 3728 629 3806 qui
650 3728 683 3786 in
705 3726 867 3804 posteriore
896 3731 979 3804 parte
1007 3744 1148 3787 versuum
1169 3727 1310 3803 cernitur,

133 3852 251 3894 omnem
273 3838 449 3896 consecutus
472 3851 546 3893 sum.
589 3831 628 3891 In
648 3830 746 3908 priore
768 3830 956 3890 hemistichio
979 3831 1133 3891 sollemnis
1155 3849 1227 3891 usus
1249 3849 1311 3892 non

134 3942 215 3998 extat
236 3939 296 3998 8181
316 3940 381 4000 hic:
404 3955 472 3997 cnm
486 3953 591 3996 versus
607 3935 716 4012 aliquis
735 3935 938 3995 homoeoarcto
953 3935 1064 4009 finitur,
1085 3935 1310 3996 homoeoarcton

131 4041 208 4102 illud
230 4043 347 4119 saepius
368 4042 402 4101 in
416 4040 502 4100 initio
524 4038 676 4117 sequentis
690 4055 795 4098 versus
810 4038 1005 4097 continuatur.
1034 4037 1111 4097 Eun.
1126 4041 1160 4097 tr.
1184 4043 1234 4099 41.
1250 4043 1309 4118 423

133 4145 215 4221 Capt.
239 4148 309 4206 569.
334 4148 388 4223 70;
411 4142 478 4204 Ter.
500 4143 555 4202 Ph.
578 4144 649 4203 867.
674 4144 731 4219 68;
753 4141 860 4201 Pseud
887 4144 956 4202 180.
979 4146 1035 4220 815
1057 4141 1133 4201 Rud.
1157 4145 1227 4203 685.
1250 4147 1308 4215 86;

107 4244 223 4318 Amph.
246 4250 321 4306 203.
346 4251 387 4325 4;
412 4247 477 4309 Ter.
500 4247 612 4309 Heaut.
638 4249 709 4309 239.
733 4244 1152 4325 48ς1888.8888.48,48·.
