<?xml version="1.0" encoding="UTF-8"?>
<!DOCTYPE html PUBLIC "-//W3C//DTD XHTML 1.0 Transitional//EN"
    "http://www.w3.org/TR/xhtml1/DTD/xhtml1-transitional.dtd">
<html xmlns="http://www.w3.org/1999/xhtml" xml:lang="en" lang="en">
 <head>
  <title>
</title>
<meta http-equiv="Content-Type" content="text/html;charset=utf-8" />
  <meta name='ocr-system' content='tesseract 3.04.00' />
  <meta name='ocr-capabilities' content='ocr_page ocr_carea ocr_par ocr_line ocrx_word'/>
</head>
<body>
  <div class='ocr_page' id='page_1' title='image "./deparomoeoseosa00buchgoog_0075.png"; bbox 0 0 2858 5010; ppageno 0'>
   <div class='ocr_carea' id='block_1_1' title="bbox 657 276 867 339">
    <p class='ocr_par' dir='ltr' id='par_1_1' title="bbox 657 276 867 339">
     <span class='ocr_line' id='line_1_1' title="bbox 657 276 867 339; baseline 0 -19"><span class='ocrx_word' id='word_1_1' title='bbox 657 276 867 339; x_wconf 79' lang='lat'>-68-</span> 
     </span>
    </p>
   </div>
   <div class='ocr_carea' id='block_1_2' title="bbox 40 450 1357 842">
    <p class='ocr_par' dir='ltr' id='par_1_2' title="bbox 40 450 1357 842">
     <span class='ocr_line' id='line_1_2' title="bbox 254 450 1357 530; baseline 0.007 -21"><span class='ocrx_word' id='word_1_2' title='bbox 254 450 410 510; x_wconf 85' lang='lat' dir='ltr'><strong>Praeterea</strong></span> <span class='ocrx_word' id='word_1_3' title='bbox 438 469 507 527; x_wconf 82' lang='lat' dir='ltr'><strong>equ</strong></span> <span class='ocrx_word' id='word_1_4' title='bbox 537 452 755 527; x_wconf 79' lang='lat' dir='ltr'><strong>homoeoarcta,</strong></span> <span class='ocrx_word' id='word_1_5' title='bbox 789 472 864 530; x_wconf 86' lang='lat' dir='ltr'><strong>quae</strong></span> <span class='ocrx_word' id='word_1_6' title='bbox 886 458 990 512; x_wconf 87' lang='lat' dir='ltr'><strong>natura</strong></span> <span class='ocrx_word' id='word_1_7' title='bbox 1006 461 1058 514; x_wconf 87' lang='lat' dir='ltr'><strong>est</strong></span> <span class='ocrx_word' id='word_1_8' title='bbox 1085 455 1201 517; x_wconf 74' lang='lat' dir='ltr'>litterae</span> <span class='ocrx_word' id='word_1_9' title='bbox 1225 455 1279 530; x_wconf 77' lang='lat' dir='ltr'><strong>Qu</strong></span> <span class='ocrx_word' id='word_1_10' title='bbox 1302 476 1357 529; x_wconf 62' lang='lat' dir='ltr'><strong>eu-v</strong></span> 
     </span>
     <span class='ocr_line' id='line_1_3' title="bbox 168 553 1355 637; baseline 0.009 -25"><span class='ocrx_word' id='word_1_11' title='bbox 168 559 249 613; x_wconf 84' lang='lat' dir='ltr'><strong>ortae</strong></span> <span class='ocrx_word' id='word_1_12' title='bbox 272 573 311 614; x_wconf 87' lang='lat' dir='ltr'><strong>ex</strong></span> <span class='ocrx_word' id='word_1_13' title='bbox 333 554 361 613; x_wconf 88' lang='lat' dir='ltr'><strong>K</strong></span> <span class='ocrx_word' id='word_1_14' title='bbox 377 577 418 603; x_wconf 92' lang='lat'>=</span> <span class='ocrx_word' id='word_1_15' title='bbox 434 554 456 614; x_wconf 83' lang='lat' dir='ltr'>G</span> <span class='ocrx_word' id='word_1_16' title='bbox 480 555 597 616; x_wconf 84' lang='lat' dir='ltr'><strong>adnexa</strong></span> <span class='ocrx_word' id='word_1_17' title='bbox 618 553 680 631; x_wconf 71' lang='lat' dir='ltr'><strong>Vl)</strong></span> <span class='ocrx_word' id='word_1_18' title='bbox 708 555 849 625; x_wconf 80' lang='lat' dir='ltr'><strong>(Corssen</strong></span> <span class='ocrx_word' id='word_1_19' title='bbox 870 557 905 615; x_wconf 86' lang='grc' dir='ltr'><strong>Α.</strong></span> <span class='ocrx_word' id='word_1_20' title='bbox 928 557 964 613; x_wconf 91' lang='lat' dir='ltr'><strong>V.</strong></span> <span class='ocrx_word' id='word_1_21' title='bbox 987 558 1020 616; x_wconf 92' lang='lat' dir='ltr'><strong>B.</strong></span> <span class='ocrx_word' id='word_1_22' title='bbox 1043 558 1070 617; x_wconf 93' lang='lat' dir='ltr'><strong>d.</strong></span> <span class='ocrx_word' id='word_1_23' title='bbox 1092 559 1113 617; x_wconf 90' lang='lat' dir='ltr'><strong>l.</strong></span> <span class='ocrx_word' id='word_1_24' title='bbox 1137 559 1165 619; x_wconf 87' lang='lat' dir='ltr'><strong>S.</strong></span> <span class='ocrx_word' id='word_1_25' title='bbox 1189 561 1216 633; x_wconf 89' lang='lat' dir='ltr'><strong>I,</strong></span> <span class='ocrx_word' id='word_1_26' title='bbox 1244 580 1272 637; x_wconf 92' lang='lat' dir='ltr'><strong>p.</strong></span> <span class='ocrx_word' id='word_1_27' title='bbox 1303 565 1355 637; x_wconf 82' lang='lat'><strong>38,</strong></span> 
     </span>
     <span class='ocr_line' id='line_1_4' title="bbox 40 655 1357 744; baseline 0.007 -28"><span class='ocrx_word' id='word_1_28' title='bbox 40 690 45 699; x_wconf 89' lang='lat'><em>-</em></span> <span class='ocrx_word' id='word_1_29' title='bbox 167 657 276 717; x_wconf 78' lang='lat' dir='ltr'><strong>iterrmr</strong></span> <span class='ocrx_word' id='word_1_30' title='bbox 298 658 371 717; x_wconf 89' lang='lat' dir='ltr'><strong>Krit.</strong></span> <span class='ocrx_word' id='word_1_31' title='bbox 389 659 486 744; x_wconf 21' lang='lat' dir='ltr'><strong>&#39;Beitn</strong></span> <span class='ocrx_word' id='word_1_32' title='bbox 509 678 537 736; x_wconf 89' lang='lat' dir='ltr'><strong>p.</strong></span> <span class='ocrx_word' id='word_1_33' title='bbox 560 663 600 719; x_wconf 82' lang='lat'><strong>48</strong></span> <span class='ocrx_word' id='word_1_34' title='bbox 616 655 687 736; x_wconf 84' lang='lat' dir='ltr'><strong>sq),</strong></span> <span class='ocrx_word' id='word_1_35' title='bbox 716 659 750 717; x_wconf 90' lang='lat' dir='ltr'><strong>in</strong></span> <span class='ocrx_word' id='word_1_36' title='bbox 772 678 896 731; x_wconf 77' lang='lat' dir='ltr'><strong>ntuucrc</strong></span> <span class='ocrx_word' id='word_1_37' title='bbox 919 678 1020 719; x_wconf 80' lang='grc'>001111</span> <span class='ocrx_word' id='word_1_38' title='bbox 1041 661 1152 734; x_wconf 82' lang='lat' dir='ltr'><strong>habeo,</strong></span> <span class='ocrx_word' id='word_1_39' title='bbox 1176 681 1252 740; x_wconf 88' lang='lat' dir='ltr'><strong>quae</strong></span> <span class='ocrx_word' id='word_1_40' title='bbox 1273 665 1357 725; x_wconf 87' lang='lat' dir='ltr'><strong>inter</strong></span> 
     </span>
     <span class='ocr_line' id='line_1_5' title="bbox 166 763 1356 842; baseline 0.008 -23"><span class='ocrx_word' id='word_1_41' title='bbox 166 768 365 821; x_wconf 81' lang='lat' dir='ltr'><strong>consonantes</strong></span> <span class='ocrx_word' id='word_1_42' title='bbox 387 763 476 836; x_wconf 87' lang='lat' dir='ltr'><strong>fiunt,</strong></span> <span class='ocrx_word' id='word_1_43' title='bbox 509 763 629 822; x_wconf 88' lang='lat' dir='ltr'><strong>mutatis</strong></span> <span class='ocrx_word' id='word_1_44' title='bbox 660 763 800 823; x_wconf 89' lang='lat' dir='ltr'><strong>secundis</strong></span> <span class='ocrx_word' id='word_1_45' title='bbox 828 763 945 822; x_wconf 86' lang='lat' dir='ltr'><strong>litteris.</strong></span> <span class='ocrx_word' id='word_1_46' title='bbox 989 763 1067 840; x_wconf 81' lang='lat' dir='ltr'><strong>Ergo</strong></span> <span class='ocrx_word' id='word_1_47' title='bbox 1096 768 1252 842; x_wconf 89' lang='lat' dir='ltr'><strong>comprobo</strong></span> <span class='ocrx_word' id='word_1_48' title='bbox 1274 768 1356 828; x_wconf 89' lang='lat' dir='ltr'><strong>eius-</strong></span> 
     </span>
    </p>
   </div>
   <div class='ocr_carea' id='block_1_3' title="bbox 41 864 1355 1049">
    <p class='ocr_par' dir='ltr' id='par_1_3' title="bbox 41 864 1355 1049">
     <span class='ocr_line' id='line_1_6' title="bbox 167 864 1355 944; baseline 0.007 -21"><span class='ocrx_word' id='word_1_49' title='bbox 167 864 248 923; x_wconf 86' lang='lat' dir='ltr'>modi</span> <span class='ocrx_word' id='word_1_50' title='bbox 275 866 492 941; x_wconf 82' lang='lat' dir='ltr'><strong>homoeoarcta‚</strong></span> <span class='ocrx_word' id='word_1_51' title='bbox 526 867 552 925; x_wconf 89' lang='lat' dir='ltr'><strong>si</strong></span> <span class='ocrx_word' id='word_1_52' title='bbox 580 867 670 926; x_wconf 89' lang='lat' dir='ltr'><strong>verba</strong></span> <span class='ocrx_word' id='word_1_53' title='bbox 698 885 814 944; x_wconf 88' lang='lat' dir='ltr'><strong>quaea</strong></span> <span class='ocrx_word' id='word_1_54' title='bbox 842 886 857 924; x_wconf 86' lang='lat' dir='ltr'><strong>c</strong></span> <span class='ocrx_word' id='word_1_55' title='bbox 885 865 1034 943; x_wconf 90' lang='lat' dir='ltr'><strong>incipiunt</strong></span> <span class='ocrx_word' id='word_1_56' title='bbox 1056 869 1187 927; x_wconf 88' lang='lat' dir='ltr'><strong>secundo</strong></span> <span class='ocrx_word' id='word_1_57' title='bbox 1214 869 1279 929; x_wconf 87' lang='lat' dir='ltr'><strong>loco</strong></span> <span class='ocrx_word' id='word_1_58' title='bbox 1301 891 1355 930; x_wconf 83' lang='lat' dir='ltr'><strong>vo-</strong></span> 
     </span>
     <span class='ocr_line' id='line_1_7' title="bbox 41 968 881 1049; baseline 0.002 -22"><span class='ocrx_word' id='word_1_59' title='bbox 41 1044 44 1049; x_wconf 26' lang='lat'>·</span> <span class='ocrx_word' id='word_1_60' title='bbox 166 968 263 1029; x_wconf 86' lang='lat' dir='ltr'><strong>celem</strong></span> <span class='ocrx_word' id='word_1_61' title='bbox 284 969 402 1029; x_wconf 86' lang='lat' dir='ltr'><strong>habent.</strong></span> <span class='ocrx_word' id='word_1_62' title='bbox 445 968 535 1029; x_wconf 88' lang='lat' dir='ltr'><strong>Merc.</strong></span> <span class='ocrx_word' id='word_1_63' title='bbox 560 971 636 1047; x_wconf 81' lang='lat'><strong>8573</strong></span> <span class='ocrx_word' id='word_1_64' title='bbox 659 971 727 1029; x_wconf 84' lang='lat' dir='ltr'><strong>Aul.</strong></span> <span class='ocrx_word' id='word_1_65' title='bbox 752 973 799 1030; x_wconf 88' lang='grc'><strong>91.</strong></span> <span class='ocrx_word' id='word_1_66' title='bbox 825 972 881 1029; x_wconf 81' lang='lat'><strong>92:</strong></span> 
     </span>
    </p>
   </div>
   <div class='ocr_carea' id='block_1_4' title="bbox 206 1089 1291 1375">
    <p class='ocr_par' dir='ltr' id='par_1_4' title="bbox 206 1089 1291 1375">
     <span class='ocr_line' id='line_1_8' title="bbox 213 1089 1291 1167; baseline 0.003 -18"><span class='ocrx_word' id='word_1_67' title='bbox 213 1089 323 1166; x_wconf 77' lang='lat' dir='ltr'><strong>cogito,</strong></span> <span class='ocrx_word' id='word_1_68' title='bbox 345 1107 473 1167; x_wconf 88' lang='lat' dir='ltr'><strong>quonam</strong></span> <span class='ocrx_word' id='word_1_69' title='bbox 496 1091 551 1166; x_wconf 75' lang='lat' dir='ltr'><strong>ego</strong></span> <span class='ocrx_word' id='word_1_70' title='bbox 573 1091 661 1150; x_wconf 87' lang='lat' dir='ltr'><strong>illum</strong></span> <span class='ocrx_word' id='word_1_71' title='bbox 682 1109 797 1150; x_wconf 80' lang='lat' dir='ltr'><strong>cruram</strong></span> <span class='ocrx_word' id='word_1_72' title='bbox 819 1090 1024 1167; x_wconf 78' lang='lat' dir='ltr'><strong>quaeritatum.</strong></span> <span class='ocrx_word' id='word_1_73' title='bbox 1050 1123 1089 1132; x_wconf 91' lang='lat'>—</span> <span class='ocrx_word' id='word_1_74' title='bbox 1112 1091 1200 1163; x_wconf 68' lang='lat' dir='ltr'><strong>Certa</strong></span> <span class='ocrx_word' id='word_1_75' title='bbox 1223 1099 1291 1152; x_wconf 87' lang='lat' dir='ltr'><strong>rest.</strong></span> 
     </span>
     <span class='ocr_line' id='line_1_9' title="bbox 207 1191 1000 1291; baseline 0.001 -40"><span class='ocrx_word' id='word_1_76' title='bbox 207 1191 292 1267; x_wconf 81' lang='lat' dir='ltr'><strong>Quod</strong></span> <span class='ocrx_word' id='word_1_77' title='bbox 314 1193 463 1270; x_wconf 85' lang='lat' dir='ltr'>quispiam</span> <span class='ocrx_word' id='word_1_78' title='bbox 486 1194 589 1270; x_wconf 85' lang='lat' dir='ltr'><strong>ignem</strong></span> <span class='ocrx_word' id='word_1_79' title='bbox 602 1196 741 1291; x_wconf 76' lang='lat' dir='ltr'><strong>quaerat,</strong></span> <span class='ocrx_word' id='word_1_80' title='bbox 765 1194 902 1270; x_wconf 79' lang='lat' dir='ltr'><strong>extingui</strong></span> <span class='ocrx_word' id='word_1_81' title='bbox 924 1194 1000 1269; x_wconf 84' lang='lat' dir='ltr'><strong>volo,</strong></span> 
     </span>
     <span class='ocr_line' id='line_1_10' title="bbox 206 1294 1041 1375; baseline -0.001 -20"><span class='ocrx_word' id='word_1_82' title='bbox 206 1294 252 1356; x_wconf 88' lang='lat' dir='ltr'><strong>Ne</strong></span> <span class='ocrx_word' id='word_1_83' title='bbox 274 1300 378 1357; x_wconf 80' lang='lat' dir='ltr'><strong>causae</strong></span> <span class='ocrx_word' id='word_1_84' title='bbox 400 1297 472 1374; x_wconf 84' lang='lat' dir='ltr'><strong>quid</strong></span> <span class='ocrx_word' id='word_1_85' title='bbox 494 1298 534 1357; x_wconf 88' lang='lat' dir='ltr'><strong>sit</strong></span> <span class='ocrx_word' id='word_1_86' title='bbox 555 1298 634 1374; x_wconf 74' lang='lat' dir='ltr'><strong>qudd</strong></span> <span class='ocrx_word' id='word_1_87' title='bbox 655 1303 686 1358; x_wconf 90' lang='lat' dir='ltr'><strong>te</strong></span> <span class='ocrx_word' id='word_1_88' title='bbox 708 1297 866 1375; x_wconf 85' lang='lat' dir='ltr'><strong>quisquam</strong></span> <span class='ocrx_word' id='word_1_89' title='bbox 888 1297 1041 1374; x_wconf 76' lang='lat' dir='ltr'><strong>quaeritet.</strong></span> 
     </span>
    </p>
   </div>
   <div class='ocr_carea' id='block_1_5' title="bbox 130 1418 1352 2355">
    <p class='ocr_par' dir='ltr' id='par_1_5' title="bbox 130 1418 1352 2355">
     <span class='ocr_line' id='line_1_11' title="bbox 250 1418 1352 1515; baseline 0.004 -22"><span class='ocrx_word' id='word_1_90' title='bbox 250 1435 427 1512; x_wconf 89' lang='lat' dir='ltr'><strong>Duplicibus</strong></span> <span class='ocrx_word' id='word_1_91' title='bbox 448 1440 482 1495; x_wconf 89' lang='lat' dir='ltr'><strong>ut</strong></span> <span class='ocrx_word' id='word_1_92' title='bbox 503 1418 754 1512; x_wconf 38' lang='lat' dir='ltr'><strong>adplaudas&#39;non</strong></span> <span class='ocrx_word' id='word_1_93' title='bbox 776 1436 907 1513; x_wconf 83' lang='lat' dir='ltr'><strong>postulo,</strong></span> <span class='ocrx_word' id='word_1_94' title='bbox 940 1434 1057 1495; x_wconf 88' lang='lat' dir='ltr'><strong>etiamsi</strong></span> <span class='ocrx_word' id='word_1_95' title='bbox 1080 1441 1165 1511; x_wconf 85' lang='lat' dir='ltr'><strong>sunt,</strong></span> <span class='ocrx_word' id='word_1_96' title='bbox 1198 1455 1274 1515; x_wconf 87' lang='lat' dir='ltr'><strong>quae</strong></span> <span class='ocrx_word' id='word_1_97' title='bbox 1298 1457 1352 1497; x_wconf 90' lang='lat' dir='ltr'><strong>vo·</strong></span> 
     </span>
     <span class='ocr_line' id='line_1_12' title="bbox 130 1537 1350 1616; baseline 0.007 -24"><span class='ocrx_word' id='word_1_98' title='bbox 130 1584 133 1591; x_wconf 93' lang='lat'><strong>.</strong></span> <span class='ocrx_word' id='word_1_99' title='bbox 163 1537 310 1598; x_wconf 75' lang='lat' dir='ltr'><strong>limtatem</strong></span> <span class='ocrx_word' id='word_1_100' title='bbox 331 1543 434 1616; x_wconf 86' lang='lat' dir='ltr'><strong>poetae</strong></span> <span class='ocrx_word' id='word_1_101' title='bbox 456 1539 623 1614; x_wconf 83' lang='lat' dir='ltr'><strong>redoleant,</strong></span> <span class='ocrx_word' id='word_1_102' title='bbox 655 1540 746 1600; x_wconf 87' lang='lat' dir='ltr'><strong>Merc.</strong></span> <span class='ocrx_word' id='word_1_103' title='bbox 771 1541 842 1600; x_wconf 87' lang='grc'><strong>868.</strong></span> <span class='ocrx_word' id='word_1_104' title='bbox 870 1540 1073 1600; x_wconf 89' lang='lat' dir='ltr'><strong>homoeoarctc</strong></span> <span class='ocrx_word' id='word_1_105' title='bbox 1100 1545 1167 1616; x_wconf 86' lang='lat' dir='ltr'><strong>post</strong></span> <span class='ocrx_word' id='word_1_106' title='bbox 1194 1559 1350 1601; x_wconf 84' lang='lat' dir='ltr'><strong>caesuram</strong></span> 
     </span>
     <span class='ocr_line' id='line_1_13' title="bbox 163 1641 341 1701; baseline 0.006 -2"><span class='ocrx_word' id='word_1_107' title='bbox 163 1641 341 1701; x_wconf 87' lang='lat' dir='ltr'><strong>continuato.</strong></span> 
     </span>
     <span class='ocr_line' id='line_1_14' title="bbox 164 1744 1347 1823; baseline 0.003 -18"><span class='ocrx_word' id='word_1_108' title='bbox 164 1748 234 1806; x_wconf 81' lang='grc'>867.</span> <span class='ocrx_word' id='word_1_109' title='bbox 269 1744 328 1821; x_wconf 79' lang='lat' dir='ltr'><strong>Sta,</strong></span> <span class='ocrx_word' id='word_1_110' title='bbox 351 1745 486 1806; x_wconf 82' lang='lat' dir='ltr'><strong>Charine.</strong></span> <span class='ocrx_word' id='word_1_111' title='bbox 510 1779 550 1786; x_wconf 89' lang='lat'><strong>—</strong></span> <span class='ocrx_word' id='word_1_112' title='bbox 574 1745 646 1820; x_wconf 81' lang='lat' dir='ltr'><strong>Quis</strong></span> <span class='ocrx_word' id='word_1_113' title='bbox 668 1765 716 1807; x_wconf 92' lang='lat' dir='ltr'><strong>me</strong></span> <span class='ocrx_word' id='word_1_114' title='bbox 737 1747 877 1807; x_wconf 82' lang='lat' dir='ltr'><strong>revocat?</strong></span> <span class='ocrx_word' id='word_1_115' title='bbox 900 1779 941 1787; x_wconf 95' lang='lat'>-</span> <span class='ocrx_word' id='word_1_116' title='bbox 966 1745 1052 1823; x_wconf 74' lang='lat' dir='ltr'><strong>Spes,</strong></span> <span class='ocrx_word' id='word_1_117' title='bbox 1076 1745 1181 1821; x_wconf 79' lang='lat' dir='ltr'><strong>Seius,</strong></span> <span class='ocrx_word' id='word_1_118' title='bbox 1203 1747 1347 1808; x_wconf 79' lang='lat' dir='ltr'><strong>Victoria.</strong></span> 
     </span>
     <span class='ocr_line' id='line_1_15' title="bbox 271 1844 1348 1927; baseline 0.004 -19"><span class='ocrx_word' id='word_1_119' title='bbox 271 1881 312 1890; x_wconf 91' lang='lat'><strong>—-</strong></span> <span class='ocrx_word' id='word_1_120' title='bbox 335 1847 413 1922; x_wconf 79' lang='lat' dir='ltr'><strong>Quid</strong></span> <span class='ocrx_word' id='word_1_121' title='bbox 425 1869 473 1910; x_wconf 89' lang='lat' dir='ltr'><strong>me</strong></span> <span class='ocrx_word' id='word_1_122' title='bbox 492 1850 601 1910; x_wconf 76' lang='lat' dir='ltr'><strong>voltis?</strong></span> <span class='ocrx_word' id='word_1_123' title='bbox 620 1885 660 1894; x_wconf 92' lang='lat'><em>-</em></span> <span class='ocrx_word' id='word_1_124' title='bbox 673 1845 730 1911; x_wconf 76' lang='grc'>’110</span> <span class='ocrx_word' id='word_1_125' title='bbox 746 1856 853 1911; x_wconf 83' lang='lat' dir='ltr'><strong>tecuru.</strong></span> <span class='ocrx_word' id='word_1_126' title='bbox 871 1883 910 1893; x_wconf 90' lang='lat'><strong>-—</strong></span> <span class='ocrx_word' id='word_1_127' title='bbox 926 1844 1039 1909; x_wconf 81' lang='lat' dir='ltr'><strong>&#39;Alimn</strong></span> <span class='ocrx_word' id='word_1_128' title='bbox 1053 1851 1189 1909; x_wconf 84' lang='lat' dir='ltr'><strong>comitem</strong></span> <span class='ocrx_word' id='word_1_129' title='bbox 1204 1852 1348 1927; x_wconf 76' lang='lat' dir='ltr'><strong>quaerite.</strong></span> 
     </span>
     <span class='ocr_line' id='line_1_16' title="bbox 269 1952 1300 2033; baseline 0.002 -21"><span class='ocrx_word' id='word_1_130' title='bbox 269 1952 338 2012; x_wconf 79' lang='lat' dir='ltr'><strong>Non</strong></span> <span class='ocrx_word' id='word_1_131' title='bbox 359 1954 500 2013; x_wconf 80' lang='lat' dir='ltr'><strong>amiturnt</strong></span> <span class='ocrx_word' id='word_1_132' title='bbox 520 1955 569 2013; x_wconf 84' lang='lat' dir='ltr'><strong>his</strong></span> <span class='ocrx_word' id='word_1_133' title='bbox 590 1971 639 2013; x_wconf 91' lang='lat' dir='ltr'><strong>me</strong></span> <span class='ocrx_word' id='word_1_134' title='bbox 662 1955 785 2014; x_wconf 88' lang='lat' dir='ltr'><strong>comites</strong></span> <span class='ocrx_word' id='word_1_135' title='bbox 808 1955 859 2033; x_wconf 87' lang='lat' dir='ltr'><strong>qui</strong></span> <span class='ocrx_word' id='word_1_136' title='bbox 880 1957 993 2014; x_wconf 88' lang='lat' dir='ltr'><strong>tenent.</strong></span> <span class='ocrx_word' id='word_1_137' title='bbox 1016 1986 1056 1995; x_wconf 91' lang='lat'>-</span> <span class='ocrx_word' id='word_1_138' title='bbox 1081 1952 1138 2027; x_wconf 79' lang='lat' dir='ltr'><strong>Qui</strong></span> <span class='ocrx_word' id='word_1_139' title='bbox 1160 1957 1230 2014; x_wconf 78' lang='lat' dir='ltr'><strong>sunt</strong></span> <span class='ocrx_word' id='word_1_140' title='bbox 1252 1955 1300 2015; x_wconf 82' lang='lat' dir='ltr'><strong>ei?</strong></span> 
     </span>
     <span class='ocr_line' id='line_1_17' title="bbox 270 2056 1185 2134; baseline 0 -18"><span class='ocrx_word' id='word_1_141' title='bbox 270 2088 312 2097; x_wconf 89' lang='lat'><em>-</em></span> <span class='ocrx_word' id='word_1_142' title='bbox 336 2056 420 2131; x_wconf 74' lang='lat' dir='ltr'><strong>cua,</strong></span> <span class='ocrx_word' id='word_1_143' title='bbox 442 2057 571 2132; x_wconf 82' lang='lat' dir='ltr'><strong>Miseria,</strong></span> <span class='ocrx_word' id='word_1_144' title='bbox 596 2059 768 2134; x_wconf 75' lang='lat' dir='ltr'><strong>Aegritudc,</strong></span> <span class='ocrx_word' id='word_1_145' title='bbox 791 2057 966 2132; x_wconf 72' lang='lat' dir='ltr'><strong>Luciumue,</strong></span> <span class='ocrx_word' id='word_1_146' title='bbox 989 2057 1185 2117; x_wconf 80' lang='lat' dir='ltr'><strong>Lamentatio.</strong></span> 
     </span>
     <span class='ocr_line' id='line_1_18' title="bbox 270 2160 1183 2240; baseline 0.001 -21"><span class='ocrx_word' id='word_1_147' title='bbox 270 2194 311 2204; x_wconf 92' lang='lat'>-</span> <span class='ocrx_word' id='word_1_148' title='bbox 333 2160 469 2237; x_wconf 76' lang='lat' dir='ltr'><strong>Repudia</strong></span> <span class='ocrx_word' id='word_1_149' title='bbox 490 2160 563 2220; x_wconf 88' lang='lat' dir='ltr'><strong>istos</strong></span> <span class='ocrx_word' id='word_1_150' title='bbox 585 2161 709 2221; x_wconf 77' lang='lat' dir='ltr'><strong>comites</strong></span> <span class='ocrx_word' id='word_1_151' title='bbox 730 2165 819 2240; x_wconf 89' lang='lat' dir='ltr'><strong>atque</strong></span> <span class='ocrx_word' id='word_1_152' title='bbox 840 2161 956 2238; x_wconf 82' lang='lat' dir='ltr'><strong>rc‘spice</strong></span> <span class='ocrx_word' id='word_1_153' title='bbox 978 2166 1007 2220; x_wconf 88' lang='lat' dir='ltr'><strong>et</strong></span> <span class='ocrx_word' id='word_1_154' title='bbox 1028 2165 1183 2221; x_wconf 78' lang='lat' dir='ltr'><strong>revortere.</strong></span> 
     </span>
     <span class='ocr_line' id='line_1_19' title="bbox 247 2279 1344 2355; baseline 0.003 -17"><span class='ocrx_word' id='word_1_155' title='bbox 247 2279 289 2338; x_wconf 82' lang='lat' dir='ltr'><strong>Of.</strong></span> <span class='ocrx_word' id='word_1_156' title='bbox 313 2281 401 2339; x_wconf 83' lang='lat' dir='ltr'><strong>etiam</strong></span> <span class='ocrx_word' id='word_1_157' title='bbox 416 2281 491 2341; x_wconf 87' lang='lat' dir='ltr'><strong>Rud.</strong></span> <span class='ocrx_word' id='word_1_158' title='bbox 508 2284 570 2341; x_wconf 79' lang='lat'><strong>294</strong></span> <span class='ocrx_word' id='word_1_159' title='bbox 592 2281 675 2340; x_wconf 88' lang='lat' dir='ltr'><strong>form.</strong></span> <span class='ocrx_word' id='word_1_160' title='bbox 691 2281 909 2342; x_wconf 85' lang='lat' dir='ltr'><strong>Woelfflinian.</strong></span> <span class='ocrx_word' id='word_1_161' title='bbox 932 2288 962 2341; x_wconf 91' lang='lat' dir='ltr'><strong>et</strong></span> <span class='ocrx_word' id='word_1_162' title='bbox 987 2281 1092 2340; x_wconf 83' lang='lat' dir='ltr'><strong>Catuli.</strong></span> <span class='ocrx_word' id='word_1_163' title='bbox 1108 2281 1203 2355; x_wconf 86' lang='lat' dir='ltr'>LXII,</span> <span class='ocrx_word' id='word_1_164' title='bbox 1220 2284 1268 2342; x_wconf 79' lang='lat'><strong>36.</strong></span> <span class='ocrx_word' id='word_1_165' title='bbox 1288 2286 1344 2344; x_wconf 87' lang='lat'><strong>37:</strong></span> 
     </span>
    </p>
   </div>
   <div class='ocr_carea' id='block_1_6' title="bbox 182 2399 1301 2688">
    <p class='ocr_par' dir='ltr' id='par_1_6' title="bbox 182 2399 1301 2688">
     <span class='ocr_line' id='line_1_20' title="bbox 183 2399 1301 2479; baseline 0.002 -21"><span class='ocrx_word' id='word_1_166' title='bbox 183 2399 275 2459; x_wconf 86' lang='lat' dir='ltr'><strong>Hisce</strong></span> <span class='ocrx_word' id='word_1_167' title='bbox 296 2400 378 2460; x_wconf 76' lang='lat' dir='ltr'><strong>hauri</strong></span> <span class='ocrx_word' id='word_1_168' title='bbox 400 2406 488 2479; x_wconf 85' lang='lat' dir='ltr'><strong>atque</strong></span> <span class='ocrx_word' id='word_1_169' title='bbox 510 2402 585 2462; x_wconf 90' lang='lat' dir='ltr'><strong>haec</strong></span> <span class='ocrx_word' id='word_1_170' title='bbox 607 2402 791 2461; x_wconf 83' lang='lat' dir='ltr'><strong>harundines</strong></span> <span class='ocrx_word' id='word_1_171' title='bbox 814 2406 884 2462; x_wconf 90' lang='lat' dir='ltr'><strong>sunt</strong></span> <span class='ocrx_word' id='word_1_172' title='bbox 906 2401 991 2462; x_wconf 87' lang='lat' dir='ltr'><strong>nobis</strong></span> <span class='ocrx_word' id='word_1_173' title='bbox 1014 2407 1137 2478; x_wconf 86' lang='lat' dir='ltr'><strong>quaestu</strong></span> <span class='ocrx_word' id='word_1_174' title='bbox 1161 2407 1190 2462; x_wconf 90' lang='lat' dir='ltr'><strong>et</strong></span> <span class='ocrx_word' id='word_1_175' title='bbox 1211 2403 1301 2461; x_wconf 79' lang='lat' dir='ltr'><strong>cultu.</strong></span> 
     </span>
     <span class='ocr_line' id='line_1_21' title="bbox 182 2496 903 2583; baseline 0.001 -22"><span class='ocrx_word' id='word_1_176' title='bbox 182 2496 231 2562; x_wconf 88' lang='lat' dir='ltr'><strong>&#39;At</strong></span> <span class='ocrx_word' id='word_1_177' title='bbox 252 2504 326 2564; x_wconf 89' lang='lat' dir='ltr'><strong>libet</strong></span> <span class='ocrx_word' id='word_1_178' title='bbox 348 2505 481 2583; x_wconf 85' lang='lat' dir='ltr'><strong>innuptis</strong></span> <span class='ocrx_word' id='word_1_179' title='bbox 504 2507 571 2567; x_wconf 86' lang='lat' dir='ltr'><strong>ficto</strong></span> <span class='ocrx_word' id='word_1_180' title='bbox 594 2511 624 2565; x_wconf 89' lang='lat' dir='ltr'><strong>te</strong></span> <span class='ocrx_word' id='word_1_181' title='bbox 647 2523 765 2583; x_wconf 86' lang='lat' dir='ltr'><strong>carpere</strong></span> <span class='ocrx_word' id='word_1_182' title='bbox 788 2510 903 2582; x_wconf 85' lang='lat' dir='ltr'><strong>questu.</strong></span> 
     </span>
     <span class='ocr_line' id='line_1_22' title="bbox 182 2604 1098 2688; baseline 0.005 -24"><span class='ocrx_word' id='word_1_183' title='bbox 182 2604 260 2679; x_wconf 79' lang='lat' dir='ltr'><strong>Quid</strong></span> <span class='ocrx_word' id='word_1_184' title='bbox 281 2612 353 2683; x_wconf 82' lang='lat' dir='ltr'><strong>tum,</strong></span> <span class='ocrx_word' id='word_1_185' title='bbox 376 2610 403 2668; x_wconf 88' lang='lat' dir='ltr'><strong>si</strong></span> <span class='ocrx_word' id='word_1_186' title='bbox 424 2613 556 2685; x_wconf 85' lang='lat' dir='ltr'><strong>carpunt,</strong></span> <span class='ocrx_word' id='word_1_187' title='bbox 577 2609 667 2668; x_wconf 84' lang='lat' dir='ltr'><strong>tacita</strong></span> <span class='ocrx_word' id='word_1_188' title='bbox 688 2627 778 2688; x_wconf 91' lang='lat' dir='ltr'><strong>quem</strong></span> <span class='ocrx_word' id='word_1_189' title='bbox 800 2614 901 2670; x_wconf 89' lang='lat' dir='ltr'><strong>mente</strong></span> <span class='ocrx_word' id='word_1_190' title='bbox 923 2609 1098 2687; x_wconf 83' lang='lat' dir='ltr'><strong>requirunt?</strong></span> 
     </span>
    </p>
   </div>
   <div class='ocr_carea' id='block_1_7' title="bbox 158 2797 1342 3289">
    <p class='ocr_par' dir='ltr' id='par_1_7' title="bbox 158 2797 1342 3289">
     <span class='ocr_line' id='line_1_23' title="bbox 244 2797 1342 2877; baseline 0.002 -21"><span class='ocrx_word' id='word_1_191' title='bbox 244 2797 408 2857; x_wconf 82' lang='lat' dir='ltr'><strong>Videamus</strong></span> <span class='ocrx_word' id='word_1_192' title='bbox 429 2816 523 2874; x_wconf 89' lang='lat' dir='ltr'><strong>porro,</strong></span> <span class='ocrx_word' id='word_1_193' title='bbox 545 2816 618 2857; x_wconf 90' lang='lat' dir='ltr'><strong>num</strong></span> <span class='ocrx_word' id='word_1_194' title='bbox 640 2800 729 2859; x_wconf 84' lang='lat' dir='ltr'><strong>verba</strong></span> <span class='ocrx_word' id='word_1_195' title='bbox 751 2800 859 2877; x_wconf 86' lang='lat' dir='ltr'><strong>quibus</strong></span> <span class='ocrx_word' id='word_1_196' title='bbox 880 2800 1104 2859; x_wconf 88' lang='lat' dir='ltr'><strong>homoeoarcton</strong></span> <span class='ocrx_word' id='word_1_197' title='bbox 1126 2800 1159 2858; x_wconf 91' lang='lat' dir='ltr'><strong>fit</strong></span> <span class='ocrx_word' id='word_1_198' title='bbox 1186 2798 1225 2858; x_wconf 82' lang='lat' dir='ltr'><strong>od</strong></span> <span class='ocrx_word' id='word_1_199' title='bbox 1245 2817 1342 2877; x_wconf 74' lang='lat' dir='ltr'><strong>rmum</strong></span> 
     </span>
     <span class='ocr_line' id='line_1_24' title="bbox 159 2902 662 2978; baseline 0.004 -19"><span class='ocrx_word' id='word_1_200' title='bbox 159 2902 335 2960; x_wconf 71' lang='lat' dir='ltr'><strong>sortientium</strong></span> <span class='ocrx_word' id='word_1_201' title='bbox 350 2902 497 2977; x_wconf 77' lang='lat' dir='ltr'><strong>pertinere</strong></span> <span class='ocrx_word' id='word_1_202' title='bbox 519 2919 593 2978; x_wconf 90' lang='lat' dir='ltr'><strong>opus</strong></span> <span class='ocrx_word' id='word_1_203' title='bbox 615 2902 662 2961; x_wconf 88' lang='lat' dir='ltr'><strong>sit.</strong></span> 
     </span>
     <span class='ocr_line' id='line_1_25' title="bbox 199 3005 1341 3083; baseline 0.001 -18"><span class='ocrx_word' id='word_1_204' title='bbox 199 3061 201 3065; x_wconf 83' lang='lat'><strong>.</strong></span> <span class='ocrx_word' id='word_1_205' title='bbox 246 3005 367 3065; x_wconf 80' lang='lat' dir='ltr'><strong>Constat</strong></span> <span class='ocrx_word' id='word_1_206' title='bbox 389 3023 460 3064; x_wconf 88' lang='lat' dir='ltr'><strong>sane</strong></span> <span class='ocrx_word' id='word_1_207' title='bbox 482 3006 572 3065; x_wconf 86' lang='lat' dir='ltr'><strong>verba</strong></span> <span class='ocrx_word' id='word_1_208' title='bbox 601 3005 639 3064; x_wconf 85' lang='lat' dir='ltr'><strong>ad</strong></span> <span class='ocrx_word' id='word_1_209' title='bbox 666 3006 797 3065; x_wconf 80' lang='lat' dir='ltr'><strong>eiusdem</strong></span> <span class='ocrx_word' id='word_1_210' title='bbox 818 3007 977 3066; x_wconf 76' lang='lat' dir='ltr'><strong>sententiae</strong></span> <span class='ocrx_word' id='word_1_211' title='bbox 993 3012 1096 3082; x_wconf 79' lang='lat' dir='ltr'><strong>partes</strong></span> <span class='ocrx_word' id='word_1_212' title='bbox 1117 3006 1247 3065; x_wconf 78' lang='lat' dir='ltr'><strong>diuersus</strong></span> <span class='ocrx_word' id='word_1_213' title='bbox 1272 3024 1341 3083; x_wconf 92' lang='lat' dir='ltr'><strong>per-</strong></span> 
     </span>
     <span class='ocr_line' id='line_1_26' title="bbox 158 3109 1339 3187; baseline 0.001 -20"><span class='ocrx_word' id='word_1_214' title='bbox 158 3109 255 3168; x_wconf 89' lang='lat' dir='ltr'><strong>tinere</strong></span> <span class='ocrx_word' id='word_1_215' title='bbox 275 3127 371 3186; x_wconf 84' lang='lat' dir='ltr'><strong>posse.</strong></span> <span class='ocrx_word' id='word_1_216' title='bbox 415 3109 454 3167; x_wconf 89' lang='lat' dir='ltr'><strong>Ut</strong></span> <span class='ocrx_word' id='word_1_217' title='bbox 475 3109 509 3167; x_wconf 93' lang='lat' dir='ltr'><strong>in</strong></span> <span class='ocrx_word' id='word_1_218' title='bbox 529 3109 654 3186; x_wconf 84' lang='lat' dir='ltr'><strong>pariensi</strong></span> <span class='ocrx_word' id='word_1_219' title='bbox 676 3109 762 3187; x_wconf 78' lang='lat' dir='ltr'><strong>Epid.</strong></span> <span class='ocrx_word' id='word_1_220' title='bbox 785 3114 834 3171; x_wconf 86' lang='grc'><strong>49.</strong></span> <span class='ocrx_word' id='word_1_221' title='bbox 858 3111 890 3169; x_wconf 93' lang='lat' dir='ltr'><strong>in</strong></span> <span class='ocrx_word' id='word_1_222' title='bbox 912 3111 985 3170; x_wconf 82' lang='lat' dir='ltr'><strong>colis</strong></span> <span class='ocrx_word' id='word_1_223' title='bbox 1008 3110 1186 3170; x_wconf 84' lang='lat' dir='ltr'><strong>coordinatis</strong></span> <span class='ocrx_word' id='word_1_224' title='bbox 1202 3109 1339 3170; x_wconf 81' lang='lat' dir='ltr'><strong>Eunuch.</strong></span> 
     </span>
     <span class='ocr_line' id='line_1_27' title="bbox 161 3213 524 3289; baseline -0.006 -15"><span class='ocrx_word' id='word_1_225' title='bbox 161 3217 238 3289; x_wconf 74' lang='lat'><strong>7273</strong></span> <span class='ocrx_word' id='word_1_226' title='bbox 261 3213 347 3273; x_wconf 87' lang='lat' dir='ltr'><strong>Most.</strong></span> <span class='ocrx_word' id='word_1_227' title='bbox 372 3215 442 3274; x_wconf 75' lang='lat'><strong>352.</strong></span> <span class='ocrx_word' id='word_1_228' title='bbox 467 3214 524 3274; x_wconf 82' lang='lat'><strong>53:</strong></span> 
     </span>
    </p>
   </div>
   <div class='ocr_carea' id='block_1_8' title="bbox 284 3333 1370 3723">
    <p class='ocr_par' dir='ltr' id='par_1_8' title="bbox 285 3333 1243 3411">
     <span class='ocr_line' id='line_1_28' title="bbox 285 3333 1243 3411; baseline 0 -19"><span class='ocrx_word' id='word_1_229' title='bbox 285 3333 443 3410; x_wconf 79' lang='lat' dir='ltr'><strong>Utcunque</strong></span> <span class='ocrx_word' id='word_1_230' title='bbox 465 3334 499 3392; x_wconf 90' lang='lat' dir='ltr'><strong>in</strong></span> <span class='ocrx_word' id='word_1_231' title='bbox 520 3334 579 3393; x_wconf 82' lang='lat' dir='ltr'><strong>aito</strong></span> <span class='ocrx_word' id='word_1_232' title='bbox 601 3337 727 3409; x_wconf 82' lang='lat' dir='ltr'><strong>re‘ntust,</strong></span> <span class='ocrx_word' id='word_1_233' title='bbox 749 3333 880 3411; x_wconf 78' lang='lat' dir='ltr'><strong>Epidice,</strong></span> <span class='ocrx_word' id='word_1_234' title='bbox 904 3335 975 3394; x_wconf 76' lang='lat' dir='ltr'><strong>exin</strong></span> <span class='ocrx_word' id='word_1_235' title='bbox 995 3336 1092 3394; x_wconf 79' lang='lat' dir='ltr'><strong>celum</strong></span> <span class='ocrx_word' id='word_1_236' title='bbox 1113 3335 1243 3393; x_wconf 80' lang='lat' dir='ltr'><strong>eortiuu.</strong></span> 
     </span>
    </p>

    <p class='ocr_par' dir='ltr' id='par_1_9' title="bbox 284 3437 1370 3723">
     <span class='ocr_line' id='line_1_29' title="bbox 285 3437 1311 3525; baseline 0.001 -30"><span class='ocrx_word' id='word_1_237' title='bbox 285 3438 375 3511; x_wconf 73' lang='lat' dir='ltr'><strong>Aust,</strong></span> <span class='ocrx_word' id='word_1_238' title='bbox 398 3438 466 3496; x_wconf 88' lang='lat' dir='ltr'><strong>data</strong></span> <span class='ocrx_word' id='word_1_239' title='bbox 486 3438 587 3498; x_wconf 86' lang='lat' dir='ltr'><strong>hercle</strong></span> <span class='ocrx_word' id='word_1_240' title='bbox 609 3439 695 3497; x_wconf 83' lang='lat' dir='ltr'><strong>ce‘rba</strong></span> <span class='ocrx_word' id='word_1_241' title='bbox 718 3437 793 3496; x_wconf 88' lang='lat' dir='ltr'><strong>mihi</strong></span> <span class='ocrx_word' id='word_1_242' title='bbox 815 3443 901 3498; x_wconf 88' lang='lat' dir='ltr'><strong>sunt:</strong></span> <span class='ocrx_word' id='word_1_243' title='bbox 923 3438 994 3497; x_wconf 76' lang='lat' dir='ltr'><strong>vicit</strong></span> <span class='ocrx_word' id='word_1_244' title='bbox 1015 3439 1118 3525; x_wconf 68' lang='lat' dir='ltr'><strong>uinum</strong></span> <span class='ocrx_word' id='word_1_245' title='bbox 1140 3437 1219 3515; x_wconf 79' lang='lat' dir='ltr'><strong>quod</strong></span> <span class='ocrx_word' id='word_1_246' title='bbox 1241 3437 1311 3497; x_wconf 90' lang='lat' dir='ltr'><strong>bibi.</strong></span> 
     </span>
     <span class='ocr_line' id='line_1_30' title="bbox 284 3535 1370 3618; baseline 0 -19"><span class='ocrx_word' id='word_1_247' title='bbox 284 3535 339 3600; x_wconf 84' lang='lat' dir='ltr'><strong>&#39;lta</strong></span> <span class='ocrx_word' id='word_1_248' title='bbox 361 3541 433 3600; x_wconf 90' lang='lat' dir='ltr'><strong>mali</strong></span> <span class='ocrx_word' id='word_1_249' title='bbox 454 3542 596 3601; x_wconf 77' lang='lat' dir='ltr'><strong>maeroris</strong></span> <span class='ocrx_word' id='word_1_250' title='bbox 619 3546 751 3601; x_wconf 88' lang='lat' dir='ltr'><strong>montem</strong></span> <span class='ocrx_word' id='word_1_251' title='bbox 772 3543 945 3601; x_wconf 60' lang='lat' dir='ltr'><strong>maxumum</strong></span> <span class='ocrx_word' id='word_1_252' title='bbox 967 3543 1004 3601; x_wconf 92' lang='lat' dir='ltr'><strong>ad</strong></span> <span class='ocrx_word' id='word_1_253' title='bbox 1026 3544 1144 3618; x_wconf 81' lang='lat' dir='ltr'><strong>portum</strong></span> <span class='ocrx_word' id='word_1_254' title='bbox 1166 3541 1252 3601; x_wconf 89' lang='lat' dir='ltr'><strong>modo</strong></span> <span class='ocrx_word' id='word_1_255' title='bbox 1365 3556 1370 3561; x_wconf 86' lang='grc'><em>·</em></span> 
     </span>
     <span class='ocr_line' id='line_1_31' title="bbox 285 3643 1219 3723; baseline 0 -20"><span class='ocrx_word' id='word_1_256' title='bbox 285 3644 479 3722; x_wconf 82' lang='lat' dir='ltr'><strong>Odnspicatus</strong></span> <span class='ocrx_word' id='word_1_257' title='bbox 502 3663 576 3704; x_wconf 90' lang='lat' dir='ltr'><strong>sum.</strong></span> <span class='ocrx_word' id='word_1_258' title='bbox 601 3646 669 3704; x_wconf 79' lang='lat' dir='ltr'><strong>erus</strong></span> <span class='ocrx_word' id='word_1_259' title='bbox 691 3643 813 3705; x_wconf 84' lang='lat' dir='ltr'><strong>advenit</strong></span> <span class='ocrx_word' id='word_1_260' title='bbox 832 3648 972 3722; x_wconf 71' lang='lat' dir='ltr'><strong>peregre:</strong></span> <span class='ocrx_word' id='word_1_261' title='bbox 993 3645 1081 3723; x_wconf 80' lang='lat' dir='ltr'><strong>periit</strong></span> <span class='ocrx_word' id='word_1_262' title='bbox 1103 3644 1219 3704; x_wconf 78' lang='lat' dir='ltr'><strong>Tranio.</strong></span> 
     </span>
    </p>
   </div>
   <div class='ocr_carea' id='block_1_9' title="bbox 241 3782 1339 3860">
    <p class='ocr_par' dir='ltr' id='par_1_10' title="bbox 241 3782 1339 3860">
     <span class='ocr_line' id='line_1_32' title="bbox 241 3782 1339 3860; baseline 0.003 -20"><span class='ocrx_word' id='word_1_263' title='bbox 241 3782 365 3843; x_wconf 83' lang='lat' dir='ltr'><strong>Plautus</strong></span> <span class='ocrx_word' id='word_1_264' title='bbox 398 3784 469 3843; x_wconf 85' lang='lat' dir='ltr'><strong>vero</strong></span> <span class='ocrx_word' id='word_1_265' title='bbox 501 3783 626 3842; x_wconf 79' lang='lat' dir='ltr'><strong>mutetis</strong></span> <span class='ocrx_word' id='word_1_266' title='bbox 655 3783 793 3860; x_wconf 75' lang='lat' dir='ltr'><strong>personis</strong></span> <span class='ocrx_word' id='word_1_267' title='bbox 830 3784 1034 3844; x_wconf 85' lang='lat' dir='ltr'><strong>homoeoarcta</strong></span> <span class='ocrx_word' id='word_1_268' title='bbox 1070 3783 1222 3842; x_wconf 89' lang='lat' dir='ltr'><strong>usitatiora</strong></span> <span class='ocrx_word' id='word_1_269' title='bbox 1257 3782 1339 3843; x_wconf 86' lang='lat' dir='ltr'><strong>fecit.</strong></span> 
     </span>
    </p>
   </div>
   <div class='ocr_carea' id='block_1_10' title="bbox 155 3885 1426 3964">
    <p class='ocr_par' dir='ltr' id='par_1_11' title="bbox 155 3885 1426 3964">
     <span class='ocr_line' id='line_1_33' title="bbox 155 3885 1426 3964; baseline 0.001 -22"><span class='ocrx_word' id='word_1_270' title='bbox 155 3885 236 3945; x_wconf 88' lang='lat' dir='ltr'><strong>Duas</strong></span> <span class='ocrx_word' id='word_1_271' title='bbox 268 3892 368 3947; x_wconf 85' lang='lat' dir='ltr'><strong>autem</strong></span> <span class='ocrx_word' id='word_1_272' title='bbox 401 3887 529 3946; x_wconf 90' lang='lat' dir='ltr'><strong>rationes</strong></span> <span class='ocrx_word' id='word_1_273' title='bbox 560 3891 735 3963; x_wconf 89' lang='lat' dir='ltr'><strong>persecutus</strong></span> <span class='ocrx_word' id='word_1_274' title='bbox 769 3892 821 3947; x_wconf 90' lang='lat' dir='ltr'><strong>est.</strong></span> <span class='ocrx_word' id='word_1_275' title='bbox 866 3889 926 3946; x_wconf 84' lang='lat' dir='ltr'><strong>Aut</strong></span> <span class='ocrx_word' id='word_1_276' title='bbox 958 3887 991 3945; x_wconf 92' lang='lat' dir='ltr'><strong>in</strong></span> <span class='ocrx_word' id='word_1_277' title='bbox 1017 3890 1141 3964; x_wconf 79' lang='lat' dir='ltr'><strong>utraque</strong></span> <span class='ocrx_word' id='word_1_278' title='bbox 1173 3888 1341 3947; x_wconf 89' lang='lat' dir='ltr'><strong>sententiae</strong></span> <span class='ocrx_word' id='word_1_279' title='bbox 1423 3934 1426 3943; x_wconf 94' lang='lat'><strong>.</strong></span> 
     </span>
    </p>
   </div>
   <div class='ocr_carea' id='block_1_11' title="bbox 109 4119 1344 4368">
    <p class='ocr_par' dir='ltr' id='par_1_12' title="bbox 109 4119 1344 4368">
     <span class='ocr_line' id='line_1_34' title="bbox 240 4119 1336 4195; baseline 0.003 -23"><span class='ocrx_word' id='word_1_280' title='bbox 240 4124 268 4183; x_wconf 88' lang='lat'><strong>1)</strong></span> <span class='ocrx_word' id='word_1_281' title='bbox 287 4123 401 4175; x_wconf 84' lang='lat' dir='ltr'><strong>Auctore</strong></span> <span class='ocrx_word' id='word_1_282' title='bbox 420 4121 594 4177; x_wconf 83' lang='lat' dir='ltr'><strong>Grassmanno</strong></span> <span class='ocrx_word' id='word_1_283' title='bbox 616 4121 643 4177; x_wconf 89' lang='lat' dir='ltr'><strong>Z.</strong></span> <span class='ocrx_word' id='word_1_284' title='bbox 661 4122 679 4175; x_wconf 89' lang='lat' dir='ltr'><strong>f.</strong></span> <span class='ocrx_word' id='word_1_285' title='bbox 700 4120 781 4191; x_wconf 80' lang='lat' dir='ltr'><strong>vei-gl.</strong></span> <span class='ocrx_word' id='word_1_286' title='bbox 801 4123 843 4190; x_wconf 82' lang='lat' dir='ltr'><strong>Sp.</strong></span> <span class='ocrx_word' id='word_1_287' title='bbox 862 4119 918 4185; x_wconf 87' lang='lat' dir='ltr'><strong>IX,</strong></span> <span class='ocrx_word' id='word_1_288' title='bbox 941 4137 967 4189; x_wconf 88' lang='lat' dir='ltr'><strong>p.</strong></span> <span class='ocrx_word' id='word_1_289' title='bbox 988 4126 1016 4172; x_wconf 88' lang='lat' dir='ltr'><strong>ll</strong></span> <span class='ocrx_word' id='word_1_290' title='bbox 1032 4136 1087 4190; x_wconf 89' lang='lat' dir='ltr'><strong>sqq.</strong></span> <span class='ocrx_word' id='word_1_291' title='bbox 1119 4120 1142 4184; x_wconf 79' lang='lat' dir='ltr'><em>Q</em></span> <span class='ocrx_word' id='word_1_292' title='bbox 1157 4119 1185 4173; x_wconf 90' lang='lat' dir='ltr'><em>V</em></span> <span class='ocrx_word' id='word_1_293' title='bbox 1193 4122 1336 4195; x_wconf 73' lang='lat' dir='ltr'><strong>senseriti-</strong></span> 
     </span>
     <span class='ocr_line' id='line_1_35' title="bbox 132 4203 1339 4281; baseline 0.012 -33"><span class='ocrx_word' id='word_1_294' title='bbox 132 4214 194 4250; x_wconf 77' lang='lat' dir='ltr'><strong>eam</strong></span> <span class='ocrx_word' id='word_1_295' title='bbox 211 4203 252 4252; x_wconf 81' lang='lat' dir='ltr'><strong>l(</strong></span> <span class='ocrx_word' id='word_1_296' title='bbox 257 4204 291 4254; x_wconf 90' lang='lat' dir='ltr'><strong>V</strong></span> <span class='ocrx_word' id='word_1_297' title='bbox 295 4208 410 4281; x_wconf 63' lang='lat' dir='ltr'><strong>aequat·</strong></span> <span class='ocrx_word' id='word_1_298' title='bbox 430 4209 493 4262; x_wconf 88' lang='lat' dir='ltr'><strong>utut</strong></span> <span class='ocrx_word' id='word_1_299' title='bbox 504 4225 535 4264; x_wconf 89' lang='lat' dir='ltr'><strong>ea</strong></span> <span class='ocrx_word' id='word_1_300' title='bbox 547 4209 618 4279; x_wconf 84' lang='lat' dir='ltr'><strong>sunt,</strong></span> <span class='ocrx_word' id='word_1_301' title='bbox 639 4207 780 4279; x_wconf 84' lang='lat' dir='ltr'><strong>gutturalis</strong></span> <span class='ocrx_word' id='word_1_302' title='bbox 796 4223 857 4278; x_wconf 83' lang='lat' dir='ltr'><strong>pars</strong></span> <span class='ocrx_word' id='word_1_303' title='bbox 875 4222 942 4276; x_wconf 85' lang='lat' dir='ltr'><strong>quac</strong></span> <span class='ocrx_word' id='word_1_304' title='bbox 960 4206 986 4261; x_wconf 91' lang='lat' dir='ltr'><strong>V</strong></span> <span class='ocrx_word' id='word_1_305' title='bbox 1003 4207 1136 4276; x_wconf 83' lang='lat' dir='ltr'><strong>praecedit</strong></span> <span class='ocrx_word' id='word_1_306' title='bbox 1159 4209 1229 4260; x_wconf 77' lang='lat' dir='ltr'><strong>cate</strong></span> <span class='ocrx_word' id='word_1_307' title='bbox 1252 4206 1339 4262; x_wconf 81' lang='grc'>0011-</span> 
     </span>
     <span class='ocr_line' id='line_1_36' title="bbox 109 4288 1344 4368; baseline 0.015 -27"><span class='ocrx_word' id='word_1_308' title='bbox 109 4288 219 4341; x_wconf 62' lang='grc'>391111</span> <span class='ocrx_word' id='word_1_309' title='bbox 234 4288 269 4339; x_wconf 70' lang='lat' dir='ltr'><strong>os.</strong></span> <span class='ocrx_word' id='word_1_310' title='bbox 288 4289 460 4365; x_wconf 75' lang='lat' dir='ltr'><strong>Bmmhaon,</strong></span> <span class='ocrx_word' id='word_1_311' title='bbox 484 4295 561 4353; x_wconf 73' lang='lat' dir='ltr'><strong>Orth.</strong></span> <span class='ocrx_word' id='word_1_312' title='bbox 581 4315 609 4367; x_wconf 87' lang='lat' dir='ltr'><strong>p.</strong></span> <span class='ocrx_word' id='word_1_313' title='bbox 631 4302 698 4367; x_wconf 75' lang='lat'><strong>2213</strong></span> <span class='ocrx_word' id='word_1_314' title='bbox 724 4295 843 4368; x_wconf 66' lang='lat' dir='ltr'><strong>sissent,</strong></span> <span class='ocrx_word' id='word_1_315' title='bbox 860 4311 904 4365; x_wconf 84' lang='lat' dir='ltr'><strong>cp.</strong></span> <span class='ocrx_word' id='word_1_316' title='bbox 917 4293 972 4360; x_wconf 70' lang='grc' dir='ltr'><strong>Ν,</strong></span> <span class='ocrx_word' id='word_1_317' title='bbox 986 4310 1015 4362; x_wconf 79' lang='lat' dir='ltr'><strong>p.</strong></span> <span class='ocrx_word' id='word_1_318' title='bbox 1032 4297 1099 4365; x_wconf 52' lang='lat'><strong>43⁵2.</strong></span> <span class='ocrx_word' id='word_1_319' title='bbox 1116 4293 1182 4345; x_wconf 59' lang='lat' dir='ltr'><strong>idn·</strong></span> <span class='ocrx_word' id='word_1_320' title='bbox 1198 4295 1228 4344; x_wconf 52' lang='lat' dir='ltr'><strong>si</strong></span> <span class='ocrx_word' id='word_1_321' title='bbox 1239 4310 1267 4358; x_wconf 65' lang='lat' dir='ltr'><strong>V·</strong></span> <span class='ocrx_word' id='word_1_322' title='bbox 1280 4299 1344 4347; x_wconf 62' lang='lat' dir='ltr'><strong>W·</strong></span> 
     </span>
    </p>
   </div>
   <div class='ocr_carea' id='block_1_12' title="bbox 0 0 1434 5010">
    <p class='ocr_par' dir='ltr' id='par_1_13' title="bbox 0 0 1434 5010">
     <span class='ocr_line' id='line_1_37' title="bbox 0 0 1434 5010; baseline 0 5"><span class='ocrx_word' id='word_1_323' title='bbox 0 0 1434 5010; x_wconf 95' lang='lat' dir='ltr'><strong> </strong></span> 
     </span>
    </p>
   </div>
  </div>
 </body>
</html>
