2858 5010
616 245 826 323 ³52...

174 426 362 496 Prostibulist
384 443 482 496 atatem
504 439 630 496 stactem
652 435 744 496 sicuti
766 436 880 496 savium
902 430 1009 514 {Dare

174 532 378 617 (Quoiusmodi
399 540 448 600 hio
470 559 539 600 curn
560 541 638 600 fama
659 541 745 601 facile
768 538 918 615 nubiturl)

176 645 254 703 Dum
277 646 330 705 dos
353 650 406 719 est,
428 645 546 704 nullum
567 646 675 704 mairem
695 645 766 704 citio
788 643 921 704 vomitur.

173 748 248 807 Cum
271 751 358 808 suum
381 748 438 810 sibi
459 749 536 808 alius
558 749 657 807 socios
678 749 793 817 somma
814 747 934 808 saueiat.

174 849 264 923 Quasi
287 853 427 929 supellex
448 851 601 929 pellionist
617 852 710 928 polos
726 852 797 929 padi
819 855 1002 929 proxumust.

173 952 264 1030 (Quor
285 959 319 1014 tu
341 973 460 1032 operam
482 957 614 1031 gravare,
635 956 746 1030 amabo,
768 973 857 1033 quam
877 955 972 1014 hostis
993 952 1071 1013 hosti
1091 950 1288 1030 commodati)

55 1064 74 1077 ·’”
173 1054 252 1129 Quor
273 1063 306 1116 tu
329 1076 449 1135 operam
471 1060 593 1135 gravare
614 1059 697 1133 mihi,
719 1076 808 1137 quam
829 1058 901 1117 cioca
922 1057 979 1116 cici
1000 1056 1185 1117 commoda?

212 1263 260 1323 Ex
281 1263 446 1339 duplicibus
475 1264 700 1339 homoeoarotis‚
727 1256 934 1344 praeterquam
961 1265 987 1324 si
1017 1263 1117 1323 omnia
1144 1263 1308 1324 contileris

126 1385 161 1426 ac
183 1367 379 1444 disposueris,
402 1367 550 1427 secundae
573 1374 602 1427 et
622 1368 728 1428 te1tiae
750 1368 852 1444 legum
873 1372 1082 1445 argumentum
1103 1385 1163 1426 non
1185 1368 1308 1444 capien-

74 1506 79 1515 ·
126 1470 197 1529 dum
219 1476 273 1546 est,
295 1466 355 1531 nisi
379 1489 418 1530 ex
432 1470 619 1531 continuatis.
655 1470 732 1530 Nam
746 1490 807 1531 non
820 1471 881 1531 nisi
895 1472 928 1531 in
942 1470 1057 1531 ansibus
1071 1475 1138 1548 post
1151 1488 1308 1530 caesuram

125 1592 180 1651 per
194 1574 279 1634 binos
300 1575 352 1634 vel
365 1575 467 1651 plures
482 1592 588 1634 versus
598 1574 706 1634 litteris
721 1575 837 1635 scilicet
851 1575 1033 1634 variantibus
1047 1579 1151 1652 poetae
1167 1575 1307 1634 homoeo-

125 1682 226 1736 arcton
248 1677 504 1738 continuavenmt.
549 1676 613 1751 Qua
637 1678 670 1736 in
692 1697 724 1738 re
747 1679 826 1756 quod
847 1696 942 1737 unum
963 1678 1013 1738 vel
1034 1678 1161 1738 alterum
1183 1695 1307 1738 versum

125 1781 347 1856 transiluciunt,
369 1781 483 1840 nullius
504 1781 648 1841 momenti
670 1787 724 1843 est.

209 1883 350 1944 Adferam
371 1884 463 1961 igitur
477 1885 622 1945 eiusmodi
645 1885 790 1946 nonnulla
812 1903 873 1945 non
894 1885 1070 1962 diligentius
1085 1885 1228 1961 conlecta,
1251 1884 1306 1947 sed

125 1995 159 2047 ut
179 1993 295 2065 praesto
316 1995 402 2048 eraut
423 1989 564 2066 apposita.

209 2092 241 2150 in
263 2091 481 2150 commotione
502 2092 570 2151 Aul.
595 2095 665 2167 167,
681 2096 716 2153 8;

277 2206 362 2271 'istas
384 2230 508 2288 magnas
529 2213 682 2287 factiones,
705 2212 827 2286 animos,
850 2211 932 2271 dotes
953 2212 1092 2291 dapsiles,

286 2315 437 2376 Clamores
458 2315 590 2395 imperia,
614 2317 726 2376 ebruna
747 2314 872 2389 vehicla,
887 2315 986 2391 pallas
1002 2319 1166 2393 purpuram

282 2416 334 2476 Nil
356 2436 460 2479 moror.

209 2573 277 2615 cum
299 2556 413 2632 offoeto,
436 2574 504 2615 oum
526 2556 563 2616 de
587 2557 716 2617 moribus
739 2558 891 2634 cogiuun,
914 2557 981 2616 Aul.
1004 2559 1146 2634 481—63
1168 2558 1303 2633 praefixa

121 2662 166 2716 est
188 2677 258 2717 vero
281 2660 466 2735 epanaphora
488 2677 548 2718 una
569 2659 757 2738 quadruplex
779 2665 809 2720 et
830 2661 923 2720 altera
944 2658 1067 2737 duplex,
1097 2678 1173 2736 quae
1196 2662 1302 2720 oratio-

122 2779 192 2820 nem
214 2762 357 2821 acriorem
378 2762 521 2822 reddunt:

248 2881 286 2941 Et
307 2882 400 2941 multo
421 2882 473 2942 fiat
494 2882 596 2942 civitas
618 2883 795 2959 concordior,

248 2984 287 3044 ut
308 2989 362 3045 nos
384 2985 497 3046 minore
518 2986 634 3046 invidia
654 2992 781 3063 utamr,
803 3005 892 3065 quam
914 2986 1034 3062 utimur,

248 3087 287 3147 Et
308 3088 379 3149 illae
400 3089 508 3149 malam
529 3108 594 3151 rem
615 3092 751 3151 metuant
772 3108 860 3168 quam
882 3094 1019 3151 metuont
1039 3090 1144 3166 magis,

246 3191 285 3250 ut
306 3195 360 3251 nos
383 3192 498 3254 minore
519 3195 641 3272 sdmptu
662 3194 757 3254 simus
778 3195 867 3272 qutun
889 3212 1001 3254 sumus.

247 3293 284 3352 In
307 3312 475 3355 maxumam
496 3296 570 3357 illuc
588 3297 694 3374 populi
713 3301 856 3374 partemst
878 3301 1040 3374 optumum,

246 3397 284 3456 In
304 3399 458 3474 pauciores
480 3400 583 3460 avidos
605 3398 758 3460 altercatio
780 3397 865 3477 est1)

118 3533 253 3593 Eunuch.
277 3536 349 3609 589,
367 3538 407 3596 90
435 3536 468 3595 in
498 3537 599 3614 fabula
620 3538 762 3597 dimano
788 3538 913 3598 &aaran
937 3538 972 3597 in
992 3557 1054 3597 sesa
1081 3537 1243 3612 acasium
1265 3540 1300 3599 in

117 3637 214 3713 priore
237 3644 337 3698 autem
359 3657 449 3700 versu
470 3641 638 3718 paraclesis
660 3645 720 3702 est:

1280 3726 1291 3757 G

203 3839 229 3908 1)
247 3839 449 3894 homoeoarcton
472 3839 564 3894 avidos
591 3839 726 3897 altercatio
749 3855 891 3910 quamqam
917 3840 1003 3898 vocali
1025 3841 1101 3896 brevi
1125 3842 1152 3895 ct
1168 3841 1299 3910 producta

118 3923 305 3980 alternantibus
327 3926 439 3998 parisosi
455 3925 549 3980 nititiu
576 3930 603 3981 et
625 3943 752 3982 versuum
770 3933 829 3996 485,
848 3933 880 3981 8ss
905 3931 1036 3983 structura
1061 3927 1166 3997 aequali
1189 3930 1216 3980 et
1233 3943 1298 3981 con-

117 4011 231 4079 gruenti:
250 4033 272 4059 υ
281 4013 297 4052 Δ
305 4034 327 4059 υ
335 4043 356 4053 -
368 4044 388 4053 -
404 4015 410 4082 ι
429 4013 479 4060 so
489 4042 510 4052 -
533 4044 555 4053 -
565 4044 587 4054 -
597 4017 613 4054 L
623 4036 645 4062 υ
655 4032 690 4083 -;
708 4013 875 4084 ampliusque
893 4014 1059 4083 epanaphora
1076 4015 1163 4084 arguit
1171 4012 1298 4068 Plautum

116 4097 165 4151 hos
184 4114 277 4152 versus
294 4098 363 4153 inter
380 4115 408 4153 se
428 4099 614 4169 respondentes
631 4101 734 4170 fecisse,
752 4101 790 4156 ita
806 4103 837 4154 ut
854 4100 877 4153 si
888 4101 1090 4155 homoeoaroton
1107 4100 1199 4155 avidos
1217 4099 1298 4156 alter-

117 4183 185 4238 catio
203 4184 342 4253 rcspuen's,
361 4185 441 4239 etiam
458 4184 549 4255 populi
568 4188 668 4255 partem
685 4187 733 4240 tibi
752 4187 916 4241 reiciendum
934 4187 976 4242 sit.
1013 4187 1148 4240 Adsentin'
1166 4202 1218 4240 non
1234 4203 1298 4256 pos-

116 4286 176 4323 sum
193 4269 335 4339 Frankeno‚
354 4272 401 4341 qni
418 4271 446 4325 in
463 4272 503 4327 ed.
523 4288 572 4328 sua
588 4273 637 4328 hos
654 4288 749 4328 vorsus
767 4272 872 4328 delevit
