2858 5010
630 646 842 709 ..67-

235 821 280 881 De
291 823 384 881 comis
394 823 541 882 vocatibus
552 823 588 883 cf.
601 823 680 901 puod
691 822 849 898 Maebiyus
859 825 962 899 p.-229
981 821 1019 880 ad
1030 839 1075 882 ex.
1086 822 1144 881 inc.
1156 823 1215 881 inc.
1226 827 1261 881 tr.
1276 825 1331 883 76:

236 918 323 1003 [inde
345 944 461 1003 animae
485 944 654 1003 excitantis
676 945 800 1003 obscura
823 944 928 1002 umbra
958 947 1059 1020 operto
1082 961 1119 1003 ex
1141 943 1224 1002 ostio.

151 1065 215 1136 ‘Dio
230 1064 349 1125 Wiirter
370 1064 424 1125 des
440 1111 447 1125 .
463 1110 469 1124 .
485 1064 597 1126 Verses
619 1064 771 1142 beginnen
792 1063 847 1123 mit
868 1063 965 1124 lenter
986 1063 1136 1138 Volralen‚
1158 1081 1221 1123 was
1243 1063 1333 1122 kaurn

151 1168 273 1245 ruffillig
287 1169 335 1243 ist,
357 1169 395 1228 da
414 1169 457 1228 im
471 1169 687 1229 Altdeutschen
708 1167 903 1244 dergleichen
920 1167 968 1226 fur
989 1168 1146 1228 wirkliebe
1174 1167 1238 1227 und
1258 1168 1333 1226 voli·

150 1273 265 1348 gsrltige
298 1273 488 1332 Aliiteration
521 1272 685 1332 betmchtet
716 1271 810 1331 wird.’
854 1271 953 1348 Atque
982 1271 1072 1332 etiam
1098 1271 1272 1333 Bartsohius
1300 1270 1333 1329 in

150 1376 240 1435 variis
261 1376 412 1436 vocalibus
434 1376 684 1436 adlitterationcm
705 1379 797 1453 putat.
832 1375 893 1435 Sed
908 1375 965 1435 etsi
986 1375 1140 1435 fatondmn
1161 1379 1209 1434 cst
1230 1375 1333 1435 crebra

150 1479 272 1555 spiritus
293 1480 373 1539 lenis
394 1478 572 1557 repetitione
596 1512 636 1520 -
659 1479 692 1539 in
713 1497 773 1556 qua
794 1478 942 1538 eiusmodi
956 1479 1161 1539 homoeoarcta
1179 1478 1333 1538 contineri·
1407 1458 1412 1469 ’

149 1587 199 1640 tur
221 1615 262 1623 —
284 1584 384 1644 versui
405 1583 496 1643 alicui
518 1583 680 1660 singularia
693 1582 798 1643 inferri
820 1584 920 1659 signa:
943 1600 1017 1640 num
1039 1600 1107 1642 eum
1126 1599 1215 1641 usum
1229 1587 1332 1658 poetae

150 1703 219 1744 cum
240 1687 392 1746 voluntate
414 1687 572 1766 sbrdioque
594 1686 747 1746 consecuti
769 1685 838 1761 sint,
860 1686 970 1745 dubito.
1006 1685 1100 1746 Plane
1122 1686 1213 1745 roicio
1235 1685 1332 1763 dupli-

151 1788 198 1847 cia
218 1790 364 1849 eiusmodi
385 1796 419 1849 ut
439 1790 532 1852 Naev.
556 1796 583 1852 7.
607 1793 657 1865 31,
678 1789 744 1849 niv.
759 1808 804 1867 ap.
820 1788 896 1849 Fest.
918 1809 947 1866 p.
964 1790 1035 1849 352.
1057 1808 1075 1848 a
1095 1788 1250 1849 Bartsohio
1270 1789 1333 1847 lau-

148 1873 220 1951 'data
240 1912 269 1970 p.
292 1897 348 1954 29:

716 2037 735 2045 -
748 2012 765 2044 ι
787 1998 942 2056 amborum
962 1998 1079 2056 uxores

341 2099 421 2160 Dein
443 2102 562 2179 poliens
584 2101 701 2178 sagittis
731 2135 765 2144 -
787 2101 921 2159 inclutus
943 2101 1143 2176 arquitenens.

340 2216 387 2261 cz
408 2207 514 2282 topper
535 2205 723 2280 confringent
745 2238 786 2247 -
809 2204 986 2280 inportunae
1009 2203 1115 2262 undae.

237 2325 441 2402 Aspirctarmn
464 2344 533 2384 cum
554 2325 694 2385 tenuibus
716 2323 798 2397 coh,
827 2343 851 2399 p
861 2323 920 2400 pb,
949 2322 1006 2382 tib
1027 2323 1223 2387 homoeoarcti
1245 2341 1331 2382 usmn

153 2432 270 2488 ueteres
292 2428 492 2488 Romanorum
515 2434 617 2506 poetas
639 2427 743 2506 etqui
765 2431 834 2487 ante
855 2427 938 2487 urbis
960 2445 1036 2487 saec.
1058 2426 1127 2486 VH.
1150 2427 1279 2502 hiemant,
1300 2427 1333 2484 in

152 2533 257 2610 primis
279 2539 379 2593 etitem
400 2518 540 2593 Plautum
561 2533 702 2593 habuisse
723 2550 812 2592 nemo
833 2531 969 2607 negabit,
999 2531 1139 2609 quoniam
1161 2535 1242 2590 certe
1265 2549 1334 2590 con-

154 2641 219 2710 stat,
250 2636 393 2714 aspiratos
426 2656 476 2698 eos
504 2656 565 2697 non
594 2636 776 2696 adhibuisse.
808 2635 933 2695 Ritschl.
962 2635 995 2694 P.
1018 2635 1051 2694 L.
1074 2634 1114 2693 M.
1136 2633 1170 2694 Ε.
1204 2653 1232 2711 p.
1258 2638 1332 2694 124:

153 2740 310 2817 ‘Asphatio
326 2741 567 2800 consonantimn:
589 2741 673 2800 nulla
686 2744 757 2801 ante
772 2759 797 2799 a.
815 2741 993 2813 650-660,
1014 2739 1162 2798 flucbrans
1184 2738 1222 2796 ad
1237 2756 1262 2795 a.
1277 2738 1333 2796 cir-
1390 2728 1391 2732 ¹

152 2844 228 2904 citer
251 2847 322 2919 700,
344 2845 407 2904 fere
430 2849 568 2904 constans
589 2846 626 2904 ab
647 2845 733 2904 initio
756 2862 831 2904 saec.
854 2842 948 2902 vm?
972 2842 1009 2901 of.
1031 2842 1069 2900 ad
1083 2842 1140 2901 tab.
1163 2840 1216 2915 XI,
1238 2859 1266 2917 p.
1285 2844 1333 2914 16,

115 2982 125 2995 ·
152 2948 189 3005 ad
205 2947 317 3022 LXIH,
339 2946 448 3022 LXN,
470 2967 498 3025 p.
517 2949 566 3008 55.
586 2950 626 3008 56
648 2948 782 3024 saepius3
804 2951 960 3024 praeterea
974 2963 1073 3022 opusc.
1090 2944 1149 3018 IV,
1171 2962 1199 3020 p.
1223 2946 1263 3004 89
1281 2962 1334 3022 sq.‚

155 3054 216 3112 147
239 3069 291 3129 sq.‚
315 3054 376 3112 585
393 3040 452 3128 ssss3
475 3051 647 3126 Brambach
671 3049 752 3110 Orth.
774 3069 804 3128 p.
828 3053 899 3110 287.
1057 3050 1060 3059 '

237 3170 417 3231 Inlustretm
438 3171 530 3247 igitur
551 3171 601 3232 hic
623 3189 696 3231 usus
717 3172 819 3248 paucis
842 3170 999 3247 exemplis.

238 3293 302 3350 acb
322 3292 413 3352 Mero.
437 3295 498 3353 646
521 3293 554 3351 in
575 3293 813 3353 enumeratione:

238 3412 383 3490 Magnes,
405 3411 560 3489 Eretriam,
587 3413 768 3488 Corinthum,
795 3411 954 3484 Ctioidem,
978 3411 1102 3484 Cretam,
1131 3409 1269 3489 prmm.

235 3552 257 3609 p
266 3534 312 3610 pb
333 3533 418 3593 Most.
440 3537 503 3595 897
527 3526 604 3592 καθ’
630 3527 818 3612 ὑπερβολήν;
840 3532 904 3591 Mil.
926 3534 1005 3608 4373
1028 3529 1135 3590 Bacch.
1158 3528 1236 3587 879:

283 3653 362 3728 Quin
384 3673 440 3732 ego
463 3655 528 3732 ipse
553 3659 583 3715 et
605 3654 776 3714 Pssolaohes
797 3654 831 3712 in
848 3653 972 3730 puplico
995 3650 1092 3709 omnis
1108 3648 1244 3725 porticus

283 3758 391 3819 Sumus
414 3759 576 3819 conmensi.
599 3791 641 3799 —-

281 3860 402 3921 Faismn
423 3881 534 3922 nomen
549 3863 723 3939 possidere,
754 3859 995 3933 Pssocomasimn,
1011 3856 1157 3934 postulas.

283 3963 361 4038 Quid
382 3966 436 4025 fit?
458 3999 499 4007 -
521 3966 667 4027 Ducentis
690 3964 820 4043 Pssippis
829 3960 851 4041 ¹)
869 3963 980 4040 pepigi.
1003 3993 1043 4002 —
1065 3960 1149 4034 Vah,
1172 3957 1261 4030 salus

283 4068 332 4129 Me
355 4070 519 4129 servavisti.

241 4191 299 4249 tib
319 4189 404 4249 Asin.
433 4193 504 4251 276.
530 4195 578 4252 77.
612 4193 748 4267 κωμικῶς
781 4189 872 4266 idque
904 4187 938 4245 in
966 4185 1107 4245 continuo
1134 4183 1336 4242 homoeoarcto

99 4366 106 4379 ¹
154 4292 201 4367 (cf.
225 4291 402 4371 278—80):

283 4392 390 4457 'Etiam
411 4398 449 4457 do
470 4399 556 4472 tergo
578 4396 721 4456 ducentas
738 4395 846 4471 plagis
863 4394 1036 4471 praegnatis
1057 4391 1139 4450 (labo.

285 4533 325 4559 τ-
347 4501 487 4578 Lirgitm
508 4500 678 4578 peculium:
701 4516 821 4559 omnem
841 4499 873 4557 in
897 4501 976 4574 tergo
998 4497 1166 4556 tensaurum
1188 4493 1272 4567 gerit.

243 4669 269 4737 1)
289 4668 360 4739 ‘rem'
379 4669 439 4737 post
456 4665 603 4736 ‘Philippis’
621 4664 786 4719 Ritscbolius
803 4663 910 4719 delevit.

1112 4746 1149 4795 ga
