2858 5010
10 284 57 315 ’ἒῖ
95 308 98 313 .

600 613 813 678 -39-

145 852 151 859 ,
206 788 337 847 Possunt
358 805 398 849 ex
420 788 571 848 voluntate
594 793 747 866 poetarum
769 806 837 849 esse
859 789 958 848 omnia
980 809 1024 864 ea,
1047 808 1123 867 quae
1144 792 1299 851 continen-

118 895 168 951 rur
189 890 390 965 substantivis
412 891 576 967 adiectivis,
599 892 707 965 verbis,
729 892 878 952 adverbiis
893 892 1008 951 varium
1030 893 1063 951 in
1085 894 1205 953 modum
1220 895 1299 954 inter

118 1010 152 1053 se
171 989 346 1053 coniunctis.
389 994 426 1052 In
456 995 504 1054 his
527 995 658 1071 profecto
686 996 780 1054 multa
813 1001 883 1055 sunt
915 1014 991 1073 quae
1017 997 1092 1055 forte
1122 1001 1193 1056 sunt
1214 997 1297 1056 facta.

117 1096 280 1172 Praecipue
301 1101 402 1156 autem
423 1098 530 1171 omnia,
552 1116 628 1175 quae
642 1115 731 1158 usum
750 1098 930 1158 cotidianum
943 1098 1087 1173 redolent,
1109 1099 1216 1158 idonea
1238 1118 1299 1158 non

117 1203 204 1273 sunt,
237 1199 405 1276 exquibus
434 1218 482 1259 ars
503 1206 657 1277 poetarum
685 1206 887 1277 cognoscebar.
932 1201 971 1259 Ut
999 1220 1035 1261 ea
1056 1219 1132 1278 quae
1153 1202 1298 1277 feritantes

116 1302 248 1379 speciem
269 1301 451 1376 ostendunt,
483 1321 544 1362 non
572 1304 671 1363 minus
705 1305 888 1364 substantiva
920 1322 989 1362 ounr
1016 1304 1154 1380 epithetis
1180 1305 1297 1364 usitatis

116 1404 289 1464 coniuncta:
312 1422 394 1463 mare
415 1423 565 1481 magnum,
587 1425 714 1482 magnus
736 1425 830 1481 mons,
852 1425 994 1482 magnum
1015 1407 1142 1480 malurn,
1172 1425 1296 1482 magnae

115 1507 261 1581 miseriae,
282 1507 413 1567 calidum
428 1508 594 1584 consilium,
616 1510 701 1568 firma
722 1509 812 1586 fides;
827 1528 916 1587 quam
929 1510 1021 1569 verba
1041 1510 1231 1569 translaticiis
1246 1510 1296 1568 ad-

115 1609 226 1671 verbiis
247 1610 419 1670 inlustrata:
441 1629 533 1688 perge
555 1630 649 1689 porro,
672 1613 785 1672 dudum
800 1613 872 1687 dion,
894 1613 988 1672 ferme
1010 1614 1051 1687 fit,
1073 1632 1179 1689 parum
1193 1613 1295 1689 pudet,

114 1713 209 1774 libere
231 1714 322 1792 loqui,
345 1714 431 1775 docte
454 1714 562 1790 dicere,
585 1734 725 1793 pessume
746 1717 853 1793 perire,
875 1716 934 1774 aha
948 1716 1072 1793 phrases
1088 1716 1295 1792 pervulgatae:

114 1816 200 1875 flocci
221 1817 333 1893 faeere,
360 1819 506 1878 rationem
526 1819 665 1894 reddere,
699 1819 831 1877 animum
852 1819 1025 1893 advertere,
1041 1806 1194 1877 'damnum
1216 1818 1295 1892 dare,

114 1920 207 1979 finem
228 1920 334 1995 100010,
356 1921 467 1981 infitias
489 1922 541 1981 ire.
585 1921 631 1981 De
645 1922 721 1995 aliis,
744 1921 884 1999 qnoniam
905 1940 960 1998 per
981 1939 1015 1980 se
1038 1940 1098 1980 non
1113 1926 1173 1980 tam
1193 1926 1295 1997 aperta

114 2026 194 2097 sunt,
215 2027 317 2083 tamen
339 2025 501 2084 0011111011
523 2025 602 2102 apud
623 2025 720 2085 varios
742 2029 877 2084 auctores
898 2044 956 2084 usu
983 2024 1017 2082 in
1038 2024 1171 2084 medium
1192 2028 1294 2083 vocato

115 2124 249 2186 iudicare
264 2126 374 2186 licebit.
404 2126 444 2186 Ut
467 2128 544 2205 Scip.
568 2129 643 2205 elog.
666 2128 689 2204 I,
713 2132 741 2187 2.
756 2128 789 2186 Β.
813 2126 948 2188 dnaivod
969 2130 1053 2204 patra
1075 2129 1291 2205 prognatus-
1391 2204 1395 2211 Ι

113 2227 198 2287 fortis
225 2231 272 2287 var
299 2230 487 2307 sapiensque,
521 2232 582 2290 seio
610 2249 683 2308 quos
713 2230 842 2290 delectat
871 2231 1095 2289 homoeoarcton
1120 2236 1206 2305 patre
1223 2248 1293 2305 pro-

113 2334 229 2406 gnatus.
273 2331 441 2391 Formulam
462 2335 540 2392 hanc
561 2334 765 2411 pervulgatam
786 2333 880 2392 fuisse
902 2332 1026 2391 Plautus
1048 2333 1147 2405 docet,
1182 2333 1234 2409 qui
1255 2332 1293 2390 ad

113 2432 259 2509 originem
287 2434 417 2495 hominis
444 2436 570 2496 alicuius
600 2434 825 2512 significandam
852 2439 1015 2511 prognatus
1045 2435 1221 2494 vocabulum
1243 2435 1293 2493 vel

113 2553 182 2594 cum
210 2532 294 2613 patre
320 2537 370 2597 vel
400 2556 468 2598 curn
496 2556 606 2614 genere
638 2538 689 2597 vel
714 2557 784 2598 oum
813 2543 906 2597 matre
929 2535 1041 2614 (matris
1068 2534 1201 2611 nornine)
1224 2555 1292 2596 con-

112 2637 218 2715 iimgit.
251 2639 331 2699 Men.
346 2643 418 2701 408.
444 2644 535 2702 1078.
553 2643 609 2717 79;
633 2642 738 2718 Amph.
755 2645 833 2719 6143
855 2641 945 2700 Poen.
960 2640 997 2714 V,
1012 2643 1050 2716 4;
1073 2641 1141 2700 Aul.
1159 2643 1229 2699 212.
1242 2638 1292 2715 G.;

113 2740 195 2818 Gapt
220 2741 360 2819 17031u
383 2742 468 2820 Epid.
493 2746 541 2804 32.
557 2743 606 2804 a:

112 2892 181 2955 Non
203 2914 259 2971 ego
280 2901 311 2955 te
333 2898 404 2955 novt
424 2896 651 2958 Menaechmum
674 2898 796 2958 Moscho
817 2900 996 2974 prognatam
1017 2901 1107 2972 patre.

113 2997 185 3058 'la’s
206 2998 438 3060 Menaechmus?
459 3034 500 3042 -
523 3000 572 3060 Ma
595 3019 661 3060 esse
684 3001 758 3075 dice,
780 3000 902 3060 Masoho
923 3002 1101 3075 prognatum
1122 3003 1213 3075 patre.
1229 3030 1271 3038 -

112 3100 180 3161 Tan
201 3120 267 3161 meo
293 3103 403 3179 patra’s
424 3106 608 3180 prognatus?
633 3135 668 3144 -
694 3100 798 3162 'Immo
820 3103 969 3181 equidem,
991 3102 1169 3161 adulescens
1190 3119 1265 3159 meo.

111 3204 195 3264 Davo
216 3209 395 3282 prognatum
416 3212 500 3283 patre
522 3207 635 3281 eodem,
657 3225 715 3284 quo
738 3209 794 3282 ago
810 3224 885 3279 sum,
907 3207 1000 3265 forma
1014 3208 1109 3265 aetate
1130 3208 1211 3263 item.

110 3306 179 3367 Nan
201 3326 237 3368 eo
258 3326 363 3368 snmus
384 3312 546 3385 prognatae
569 3327 688 3386 genere,
710 3311 829 3370 tametsi
851 3327 954 3369 sumus
977 3311 1081 3368 servae
1104 3326 1192 3367 soror.

110 3411 168 3470 Dte
188 3411 264 3470 mihi
285 3412 366 3488 quali
388 3431 436 3472 me
459 3413 600 3473 arbitrare
622 3415 734 3489 genere
756 3414 952 3490 prognatum?
976 3444 1016 3453 -
1039 3412 1130 3470 Bono.

110 3514 293 3590 Prognatum
315 3533 426 3590 genere
448 3519 563 3575 sammo
586 3521 616 3575 et
638 3516 762 3575 summis
785 3515 875 3574 ditiis.

111 3616 343 3679 Travolaverunt
364 3617 402 3676 ad
423 3619 532 3678 hostes.
577 3617 654 3677 'lam
675 3618 728 3678 ille
750 3621 913 3694 prognatus
935 3614 1030 3675 Theti.

196 3788 239 3848 01
262 3789 369 3865 Amph.
393 3790 453 3849 651
488 3793 520 3849 01
545 3788 621 3847 illud
648 3787 820 3848 Ennianum
848 3806 866 3846 a
892 3787 1019 3846 Jordano
1048 3786 1200 3845 laudatum
1221 3805 1289 3844 011.

113 3894 163 3953 38.
185 3891 237 3951 V.:

301 4010 341 4069 Et
362 4010 458 4087 patria
480 4015 511 4070 et
532 4012 669 4087 prognati
691 4013 825 4070 tutantur
847 4012 1011 4070 serranum.

300 4112 451 4174 Eurudica
467 4118 622 4190 prognata,
639 4118 726 4190 pater
747 4132 837 4190 quam
858 4118 959 4174 noster
979 4112 1097 4172 erravit.

196 4284 274 4362 Scip.
297 4286 334 4344 01.
359 4283 416 4359 ΠΙ,
445 4289 472 4345 7.
488 4284 522 4360 B,
544 4285 595 4344 ubi
618 4303 687 4344 cum
708 4285 829 4345 nomine
851 4285 943 4363 patris
966 4288 1062 4358 extat,
1095 4303 1114 4342 a
1135 4283 1289 4341 Bartsohio

111 4388 258 4467 prolatum
281 4391 326 4448 est
347 4406 375 4465 p.
399 4390 452 4448 29:

318 4541 418 4617 Terra,
439 4541 536 4615 Publi,
553 4544 735 4617 prognatum
756 4574 798 4583 -
821 4542 931 4602 Phblia
954 4540 1082 4601 Corneli.
