2858 5010
598 607 811 671 ..63-

117 784 211 844 Mater
232 784 423 862 optumarum
444 784 538 845 modio
560 783 669 845 mulier
689 783 795 845 melior
816 784 978 844 miliorum

118 888 214 948 Missa
235 904 301 946 sum
323 887 535 964 superstitiosis
557 887 788 947 ariolatituibus.

52 1052 55 1057 ,
118 991 174 1050 Pol
195 1009 251 1067 ego
275 996 395 1051 utrem
417 990 513 1067 videt,
535 996 569 1050 tu
590 991 751 1068 inventus,
773 992 842 1052 uera
862 992 1035 1053 vanitudine
1143 1014 1148 1035 ²

119 1093 177 1168 Qui
198 1094 363 1154 convincas.

119 1198 270 1274 Sispeuso
291 1198 386 1273 gradd
407 1197 522 1274 placide
542 1197 586 1258 ire
608 1196 737 1274 perrexi,
759 1199 882 1273 accessi,
904 1199 995 1273 ostiti,

120 1295 269 1360 'Animam
291 1301 462 1378 compressi,
484 1303 586 1361 adrem
609 1301 741 1360 admovi:
764 1301 807 1360 ita
827 1301 971 1386 animum,
982 1302 1066 1380 coepi
1088 1302 1248 1363 attendere.

119 1402 232 1477 Quibus
254 1403 332 1463 vitae
355 1405 436 1479 estis,
457 1405 565 1482 qmbus
586 1403 722 1478 deliciae,
745 1404 828 1463 savia
849 1404 1030 1465 mammillae
1052 1405 1196 1465 mellitae:

119 1506 327 1584 Manipulatim
348 1507 566 1583 antuerigemli
588 1507 677 1566 facite
699 1511 770 1567 ante
792 1506 876 1567 aedis
898 1508 958 1567 ism
979 1509 1022 1567 mi
1043 1509 1093 1567 hic
1114 1510 1221 1569 adsint.
1232 1507 1253 1585 1)

120 1610 181 1671 Sed
202 1610 341 1670 miliebri
362 1611 461 1670 animo
484 1613 551 1670 siun
571 1614 686 1669 tamen:
716 1605 827 1689 [quom]
849 1612 976 1671 miserae
1003 1612 1087 1671 venit
1108 1613 1141 1671 in
1162 1614 1295 1672 mentem

119 1713 194 1772 Mihi
215 1714 327 1787 mortis,
349 1718 444 1773 menis
465 1713 595 1772 rncmbra
618 1716 749 1791 occupat
771 1746 813 1755 ——

120 1816 270 1893 Principio
292 1821 325 1875 111
346 1816 399 1875 illo
421 1816 606 1892 advenimus,
627 1817 679 1876 ubi
700 1819 831 1895 primum
854 1823 957 1877 terram
979 1817 1138 1894 tetigimus,

114 1918 265 1985 'Continuo
286 1920 464 1997 Amphitruo
486 1919 599 1996 delegit
620 1920 701 1980 viros
722 1921 885 1997 primorum
906 1921 1066 1998 principes.

120 2021 187 2081 Non
208 2022 321 2098 cogitas
342 2022 414 2083 hinc
433 2023 558 2100 longule
580 2027 671 2084 esse?
693 2029 723 2084 et
745 2025 824 2084 nosti
844 2042 943 2084 noorcs
964 2012 1139 2084 molieram}

121 2126 200 2185 Dum
220 2126 393 2201 moliuntur,
415 2126 487 2185 diim
507 2131 660 2202 conanum,
682 2128 780 2186 annus
802 2132 857 2187 cst.
879 2162 920 2171 -

121 2227 226 2306 Neque
249 2231 355 2288 uaitae
378 2248 447 2288 cum
469 2235 570 2291 essent
592 2230 787 2290 circumventi
807 2230 915 2306 ventis,
936 2231 1052 2291 incedo
1072 2231 1181 2292 itinere

121 2332 202 2392 Porti
223 2332 405 2409 indigentes.
429 2364 472 2374 -—

207 2523 223 2594 ξ
248 2525 296 2583 16.
317 2510 491 2599 'Reliquum
513 2525 567 2598 est,
589 2527 624 2581 ut
638 2521 799 2582 nonnullas
822 2514 1036 2583 controversias
1051 2522 1202 2599 attingam,
1221 2520 1300 2599 onae

122 2624 158 2684 de
180 2625 377 2686 homoooarcti
399 2626 498 2702 formo
519 2629 600 2701 sunt,
620 2627 649 2685 h.
665 2644 691 2686 e.
707 2625 745 2686 de
760 2626 869 2686 litteris
891 2629 922 2685 et
943 2625 981 2685 de
996 2627 1103 2701 verbis,
1126 2626 1233 2704 quibus
1248 2627 1301 2685 illa

122 2730 216 2804 figura
238 2730 296 2788 fiat.
1118 2746 1123 2755 ·

207 2850 252 2908 Ac
273 2849 310 2908 de
333 2847 515 2925 syllabarum
542 2828 704 2926 quantitate
733 2854 805 2909 sunt
826 2850 877 2927 qui
900 2853 1042 2927 stabant,
1075 2851 1300 2910 homoeoaroton

121 2971 139 3011 a
159 2953 225 3013 vice
247 2952 382 3012 brevium
404 2952 586 3028 syliabarum
607 2956 637 3012 et
658 2953 815 3029 longarum
837 2971 898 3013 non
919 2954 1019 3014 miuus
1040 2954 1196 3014 abhorrere
1211 2972 1300 3031 quam

122 3056 416 3116 homoeooatalecton.
476 3055 537 3116 Sed
568 3055 672 3114 multis
704 3056 852 3134 exemplis
886 3058 1074 3116 confirmatur
1106 3062 1207 3134 poetas
1240 3077 1300 3117 nou

123 3177 257 3233 curasse,
290 3165 324 3218 ut
351 3159 484 3234 syllabae
514 3158 673 3235 productae
706 3163 822 3218 tautum
850 3178 919 3219 cum
945 3160 1110 3237 producta,
1142 3166 1300 3239 conseptae

124 3268 240 3322 tautum
269 3280 338 3323 cum
359 3262 509 3338 conreptis
530 3262 758 3322 homoeoarcton
778 3262 917 3323 facerent.
961 3263 1028 3323 Nisi
1055 3263 1122 3341 quis
1147 3265 1228 3324 casui
1250 3264 1299 3323 dat

121 3366 196 3425 haec
218 3365 412 3443 multiplicia,
433 3383 509 3443 quae
532 3365 564 3424 in
586 3366 711 3441 affectu,
734 3365 926 3448 παρῳόικῶς,
949 3370 1084 3444 κωμικῶς
1106 3369 1201 3444 posita
1222 3372 1299 3427 simt.

122 3468 197 3527 Eun.
220 3475 256 3529 tr.
281 3461 357 3546 193;
380 3471 449 3528 Aoo.
470 3474 507 3528 tr.
531 3471 611 3545 434;
634 3468 722 3546 Turp.
745 3487 818 3528 com.
843 3473 918 3541 1143
940 3470 1047 3546 Amph.
1071 3471 1142 3532 325.
1165 3474 1221 3532 26:

229 3588 384 3650 Menelaus
405 3607 453 3650 me
475 3589 630 3667 obiurgat?
650 3589 683 3648 id
703 3590 779 3649 meis
800 3579 891 3649 ribus
912 3579 1046 3666 rigimen
1067 3591 1189 3651 re‘stitat.

228 3691 351 3752 Paratus
373 3711 438 3752 sum
460 3692 558 3752 ubivis
579 3681 682 3770 pitens
698 3694 819 3768 pestem
840 3692 967 3770 permiti.

229 3794 319 3854 Maris
341 3797 456 3872 scopuli
477 3786 595 3856 aduitus
616 3783 754 3871 silitudo,
776 3796 942 3857 sanctitudo
964 3797 1122 3874 Apollinis.

231 3898 299 3957 Vox
320 3899 362 3957 mi
384 3899 523 3959 adamis
545 3899 702 3960 advolavit.
726 3931 766 3942 -
788 3898 835 3960 Ne
858 3918 914 3977 ego
935 3901 1023 3960 homo
1044 3901 1151 3961 infelix
1175 3900 1227 3976 fui,

231 4000 288 4075 Qui
310 4020 371 4061 nou
392 4002 453 4063 alas
474 4003 638 4063 intervelli:
659 3993 808 4064 adlucrem
829 4015 934 4064 vocem
955 4004 1072 4080 gestito.

209 4138 315 4217 Neque
336 4136 390 4197 cio
433 4140 635 4201 homoeoarcta
666 4147 770 4219 poetae
802 4146 993 4220 respuerunt3
1027 4142 1110 4201 Asin.
1146 4145 1217 4217 347,
1250 4143 1302 4220 qui

124 4260 229 4303 versus
250 4261 303 4319 pro
326 4243 417 4302 totius
439 4261 564 4304 scaenae
587 4250 761 4322 argumento
783 4252 837 4321 est,
860 4246 977 4305 Phorm.
1002 4247 1078 4305 706:

125 4394 141 4401 —
147 4397 188 4403 -.-
198 4395 328 4404 .--------

212 4478 241 4543 1)
258 4475 291 4529 in
309 4476 391 4529 libris
408 4476 472 4531 estis
486 4482 549 4546 post
566 4477 676 4533 deliciae
689 4481 802 4547 omnini,
821 4478 917 4548 quibus
934 4482 997 4533 aare
1009 4478 1084 4534 savia
1100 4479 1242 4549 repetitum
1256 4483 1302 4534 est.

128 4561 194 4614 mihi
212 4566 250 4614 est
264 4567 327 4631 post
345 4562 541 4631 manipulatim
568 4581 661 4617 normis
684 4565 850 4620 Ritsebelias
871 4565 1012 4627 1111111111
1038 4571 1208 4629 artaperses
1222 4564 1324 4623 pseud

125 4648 243 4701 Student.
262 4648 295 4699 de
311 4654 382 4704 matt.
401 4648 493 4708 Plano
512 4669 542 4722 p.
561 4652 610 4707 56.
