2858 5010
619 310 831 375 .98.ὰ

382 485 450 546 Non
472 487 568 546 dmnis
589 493 678 561 aetas,
700 486 793 559 laide,
817 486 885 545 lado
908 484 1056 546 convenit.

383 590 550 650 Istactenus
571 591 634 664 tibi,
656 589 751 664 Lade,
774 590 893 649 libertas
915 590 1017 649 datast.
1029 587 1050 666 1)

221 709 343 770 Minime
365 728 450 787 porro
472 710 677 770 Brachmannc
698 729 763 770 meo
785 710 946 771 concedam
967 709 1074 770 Baccb
1089 729 1136 768 vv.
1153 712 1318 772 540—61

136 814 354 873 retractationis
376 814 463 891 signa
485 814 574 873 etiam
597 814 720 874 certiora
741 814 850 874 habere
873 832 891 873 a
912 813 1056 873 similium
1082 813 1174 872 nimio
1196 832 1256 874 usu
1284 834 1321 875 ac

135 917 296 995 praecipuo
329 934 348 976 a
374 917 466 976 nimia
493 917 675 977 antitheseos
703 917 899 977 adfectatione
926 936 955 994 p.
978 919 1034 976 90:
1068 915 1224 994 ί1111ιὶ11111
1246 937 1321 978 vero

138 1038 281 1080 curcum
304 1020 509 1080 Studemundo
531 1021 713 1081 retractatori
734 1020 802 1079 illos
817 1038 922 1081 versus
944 1020 1141 1095 tribuamus
1163 1039 1228 1085 rem
1249 1039 1321 1099 per-

134 1128 230 1184 actam
252 1129 411 1184 retractare
435 1124 545 1200 videar,
567 1142 628 1183 non
649 1139 812 1201 exponam:
834 1142 928 1183 unum
941 1129 1051 1199 tamen,
1073 1124 1152 1202 quod
1173 1112 1228 1185 ille
1243 1126 1319 1184 omi-

133 1228 186 1302 sit,
208 1247 226 1286 a
247 1234 347 1288 nostra
368 1246 401 1289 re
423 1247 485 1287 non
506 1228 638 1288 alienum
659 1227 785 1288 videtur.
822 1226 1009 1305 Conspicitur
1030 1227 1112 1288 enim
1133 1246 1203 1288 cina
1218 1229 1319 1289 imita·

132 1331 205 1390 toris
237 1331 323 1391 illius
349 1331 489 1391 Plautina
516 1331 657 1392 facilitate
685 1331 869 1391 artificiosior
894 1331 928 1390 in
959 1349 1009 1407 eo,
1042 1331 1120 1407 quod
1140 1332 1318 1408 obpositam
1366 1366 1379 1395 ι

23 1430 27 1435 ’
100 1434 285 1510 ·qccadom
307 1435 461 1512 adfectavit
485 1436 578 1494 ambis
602 1454 658 1512 per
680 1435 892 1512 oppositionem
908 1434 1051 1509 prolatas,
1085 1435 1172 1494 caius
1200 1436 1319 1512 maroc

133 1538 284 1597 wmadrtc
315 1539 351 1597 dr
368 1538 474 1615 poecis
500 1538 632 1598 carabos
654 1539 783 1614 exemplo
810 1538 878 1597 hoec
899 1538 1004 1597 bobas:
1037 1538 1110 1615 falsi
1124 1521 1319 1615 'falsimoniae

134 1641 218 1719 etqs.’
261 1640 330 1701 Non
351 1660 454 1702 meum
476 1648 523 1701 est
544 1660 686 1719 quaerere
714 1642 800 1702 cuius
831 1641 893 1701 sint
913 1642 946 1700 hi
968 1660 1087 1702 versus:
1121 1648 1201 1702 certe
1223 1643 1318 1703 unius

132 1750 221 1822 atque
244 1744 379 1804 eiusdem
401 1744 514 1821 figurae
535 1745 569 1804 in
583 1744 720 1805 versibus
742 1745 891 1806 continuis
913 1738 1043 1805 crebrior
1063 1763 1135 1804 usus
1157 1745 1316 1813 Plautinae

132 1848 187 1908 arti
209 1866 270 1907 non
291 1854 447 1924 repugnat.
490 1848 536 1908 De
558 1849 755 1909 homoeoaroti
770 1848 892 1927 quidem
915 1849 1062 1908 eiusmodi
1084 1849 1230 1925 exemplis
1253 1851 1317 1908 iam

15 1986 19 2005 .
131 1969 220 2029 supro
264 1968 472 2028 nonnusquam
510 1953 683 2029 memoravi3
726 1952 793 2012 Aul.
832 1954 1011 2014 eos—522
1053 1952 1317 2012 homoeocatalecti

131 2056 303 2132 exemplum
326 2055 448 2115 sexiens
470 2055 593 2116 deciens
614 2053 747 2133 partiti2)
769 2057 931 2133 habemus3
965 2061 1054 2132 atque
1083 2056 1219 2133 quamvis
1243 2074 1317 2115 oon·

131 2159 243 2219 sentias
265 2177 337 2218 cum
361 2158 497 2234 boellio,
534 2159 586 2236 qui
608 2159 694 2218 adv.
718 2161 796 2219 505:
830 2161 875 2233 ‘ad
899 2176 1004 2220 versus
1026 2164 1188 2236 sequentes
1209 2160 1316 2236 plures

130 2263 282 2325 variomm
299 2267 467 2339 temporum
489 2263 625 2322 homines
647 2262 842 2322 contribuisse
864 2262 1030 2337 videntur’,
1051 2267 1151 2322 tamen
1175 2258 1236 2321 non
1257 2264 1317 2321 rni-

130 2366 243 2425 nimam
263 2370 377 2443 partem
397 2364 436 2424 ad
456 2365 556 2442 ipsum
577 2365 676 2424 Plauti
697 2366 854 2442 ingenium
875 2365 1070 2426 revocandam
1085 2383 1152 2425 esse
1173 2366 1228 2424 tibi
1243 2384 1317 2429 con-

131 2469 299 2529 cedendum
321 2468 386 2543 erit,
408 2468 434 2527 si
455 2468 514 2527 alia
535 2469 777 2529 consideraveris
822 2469 867 2528 De
889 2469 970 2529 Pers.
993 2488 1040 2528 vu.
1066 2471 1227 2544 757—62,
1260 2471 1316 2546 qui

129 2589 310 2653 paregmeno
332 2566 408 2631 acroi
432 2575 510 2630 κῶλα
543 2572 788 2632 1111111111θεὶ11
812 2573 908 2632 tribus
936 2571 1148 2649 posterioribus
1175 2572 1316 2632 versibus

130 2677 220 2737 etiam
247 2674 305 2735 alia
331 2675 421 2735 verba
448 2693 487 2734 ex
514 2676 619 2736 eodem
639 2677 769 2752 figruatu
797 2675 953 2753 adsumpta
974 2676 1099 2750 habent,
1131 2675 1229 2734 adhuc
1251 2676 1315 2735 uisi

97 2782 100 2788 '
130 2779 218 2839 fallor
239 2797 327 2840 nemo
349 2777 507 2837 dubitavit:

130 2898 218 2960 Nunc
240 2901 277 2959 ob
300 2916 367 2960 eam
388 2916 453 2959 rem
470 2899 549 2958 inter
565 2898 726 2976 pdrto'copas
748 2899 880 2958 dividam
901 2899 1041 2976 praedam
1071 2904 1102 2958 et
1118 2898 1314 2975 participabo.

334 2997 388 3062 'Ite
411 3002 503 3062 foras:
525 3002 575 3062 hic
597 3003 664 3062 volo
686 3007 755 3062 ante
779 3003 890 3062 ostium
912 3008 942 3062 et
963 3003 1083 3062 ianuam

281 3106 364 3167 Meos
385 3105 538 3183 participes
561 3106 638 3166 bene
660 3109 795 3183 acciprere.

336 3209 462 3269 Stdtcde
483 3208 533 3268 hie
554 3209 695 3270 lectulos:
717 3209 820 3286 penite
844 3208 894 3270 hic
916 3227 990 3286 quae
1014 3208 1166 3268 adsolent:

282 3313 340 3373 Hic
361 3313 454 3372 stolidi
475 3313 542 3372 volo
564 3313 694 3390 primum
716 3313 863 3390 aquolam.

128 3415 214 3475 'lude
236 3434 292 3492 ego
314 3417 411 3476 omnis
433 3416 544 3476 hilaros
566 3417 699 3476 iubentis
721 3416 917 3475 laetificantes
939 3415 1046 3473 faciam
1068 3420 1102 3473 ut
1122 3415 1208 3490 ficara

129 3518 260 3592 Qudnam
282 3538 370 3597 opera
391 3520 466 3579 haec
487 3519 562 3578 mihi
584 3519 683 3578 facilia
706 3519 886 3595 factafacta
908 3523 978 3576 sunt
1000 3536 1075 3594 quae
1090 3516 1173 3576 volui
1188 3517 1313 3593 ecferri:

126 3621 203 3701 Nam
225 3625 380 3700 improbust
393 3624 489 3697 home,
512 3624 563 3700 qui
578 3622 762 3699 beneficiam
784 3625 839 3684 scit
854 3622 989 3700 accipere
1012 3627 1041 3682 et
1062 3621 1189 3682 reddere
1204 3621 1312 3680 nescit.

184 3734 192 3738 ‘
216 3735 241 3840 r)
259 3735 367 3826 uasta
385 3772 415 3825 n
431 3771 488 3826 nu.
506 3788 551 3824 vv.
571 3776 629 3824 aso.
648 3776 715 3824 aro:

229 3873 327 3929 Nescio
345 3892 396 3944 quo
414 3873 589 3930 adulescente.
609 3904 643 3913 —-
663 3872 739 3940 Quod
757 3890 806 3944 ego
825 3873 956 3943 Soe'lcdra
974 3873 1061 3927 soclus
1080 3889 1115 3927 ex
1132 3875 1157 3925 te
1175 3871 1272 3927 aridio?

231 3960 301 4028 Quin
318 3962 390 4016 domi
408 3978 510 4016 eccam:
528 3959 617 4015 nescio
635 3975 702 4029 quae
721 3961 756 4028 te,
776 3959 903 4031 Sceledre,
920 3960 1021 4015 scabra
1038 3959 1176 4014 adscitam.

211 4064 328 4120 Ribbeck
355 4082 380 4120 v.
403 4070 455 4118 330
484 4068 515 4118 ut
535 4065 569 4119 ad
591 4080 617 4117 r.
636 4068 687 4116 289
714 4063 865 4132 exemplum
890 4064 990 4119 factum
1017 4064 1045 4116 in
1072 4063 1190 4132 margine
1213 4063 1310 4130 posuit.

126 4151 224 4205 Nescio
242 4168 276 4206 an
293 4154 403 4221 uterque
421 4150 561 4208 Plautinus
580 4150 629 4204 sit:
653 4151 723 4203 corte
741 4167 767 4204 v.
786 4154 837 4203 330
859 4165 910 4204 non
928 4149 1071 4207 imitatoris
1089 4152 1136 4203 ost.
1167 4148 1312 4203 1111111111-

112 4239 198 4287 rorem
214 4237 426 4292 homoeomcton
444 4237 472 4292 in
492 4235 612 4294 clausido
630 4234 766 4291 addidisse
783 4236 881 4306 putas?

186 4320 217 4382 2)
234 4323 340 4377 omisso
361 4340 443 4382 versu
464 4331 526 4396 612,
547 4342 630 4397 quem
650 4323 781 4381 Gootzius
798 4340 864 4380 oum
880 4324 985 4392 sapsa
1002 4320 1123 4375 seclusit.
