2858 5010
633 301 847 363 „15-

232 474 460 536 Paromoeoseos
488 496 563 533 κατα
589 473 677 556 μέρος
706 470 796 555 λόγου
832 458 949 553 species
977 476 1084 551 altera,
1121 496 1151 534 π.
1175 473 1268 535 κατὰ
1298 479 1337 537 τὸ

149 573 252 648 τέλος
274 581 343 637 τῶν
365 570 560 655 ὀνομάτων
581 577 630 651 lit,
660 595 730 636 cum
751 577 840 637 binae
862 578 912 638 vel
933 577 1034 655 phines
1061 578 1207 638 dictiones
1229 579 1280 640 vel
1302 580 1337 641 in

153 679 274 739 eosdem
295 698 382 741 casus
403 680 522 754 cadunt,
544 680 623 757 quod
644 673 905 756 ὅμοιόπτωτον
933 681 1057 758 dicitiu,
1084 683 1134 742 vel
1159 682 1194 741 in
1215 683 1338 744 easdem

148 782 279 857 syllabas
294 783 443 857 desinunt,
466 784 545 862 quod
566 777 861 861 ὁμοιοτὲλευτον
882 783 1006 846 dicium:
1029 786 1120 846 schol.
1135 785 1174 845 ad
1188 785 1292 847 Herm.
1304 812 1335 847 n.

149 883 188 943 io.
212 880 248 945 α’.
271 886 340 947 VH.
366 890 457 961 1032,
481 892 530 949 17.
550 886 612 963 W.,
641 888 694 965 τῆς
722 881 755 945 δὲ
782 880 856 946 κατὰ
884 884 915 948 τὸ
946 884 1027 961 τέλος
1053 913 1084 949 π.
1113 881 1146 949 τὸ
1173 885 1227 967 μέν
1256 887 1337 950 ἔστιν

162 1021 190 1026 .-..
197 1022 356 1029 ..-.--.-.

148 1101 301 1172 vocalibus',
320 1103 549 1159 continuo'tamen
566 1103 651 1159 addit:
678 1103 807 1174 ,Delectat
824 1105 912 1158 autem
931 1104 1079 1159 Alliteratio
1097 1104 1163 1160 haec
1180 1106 1291 1161 mirifice
1308 1108 1337 1160 in

147 1188 241 1257 primis
258 1193 285 1243 et
301 1189 404 1245 ultimis
421 1189 488 1244 locis
506 1191 583 1259 facta,
601 1189 630 1243 in
647 1190 743 1244 mediis
762 1206 876 1259 quoquc,
893 1188 958 1245 licet
975 1191 1074 1245 ibidem
1088 1207 1164 1246 aures
1176 1193 1264 1248 minus
1282 1193 1338 1247 sint

148 1275 279 1329 intentao’.
315 1276 373 1329 Vi1i
391 1276 463 1331 docti
480 1291 564 1345 porro,
582 1277 628 1345 qui
645 1276 674 1328 in
696 1275 845 1330 (immolata
862 1276 958 1331 litteiis
976 1279 1123 1346 versantur,
1142 1277 1337 1333 adlitteratione

147 1362 181 1415 ad
197 1362 304 1415 initium
328 1362 468 1416 verberimi
491 1364 615 1417 revocata
637 1362 730 1416 eadem
757 1363 887 1417 sententia
910 1363 951 1416 uti
974 1362 1060 1418 solent
1081 1366 1160 1432 atque
1180 1364 1338 1419 Germanica

146 1464 212 1502 voce
229 1446 373 1503 Stctrcdn.
402 1447 454 1514 Qui
469 1450 558 1503 autem
571 1447 749 1503 Romanonum
766 1447 967 1503 adlitterationis
984 1451 1046 1503 uem
1068 1464 1175 1519 operam
1197 1452 1336 1519 navaumt,

147 1533 193 1588 alii
210 1533 290 1589 aliam
307 1533 495 1589 adlitterationi
513 1534 702 1603 impressenmt
718 1534 860 1589 notionem.
891 1536 932 1588 Ac
949 1535 1097 1590 Naekius
1114 1537 1223 1605 quidem
1234 1535 1271 1591 M.
1283 1535 1335 1592 Rh.

147 1624 222 1688 1829,
240 1638 266 1689 p.
286 1625 337 1675 324
354 1636 371 1675 a
388 1619 507 1676 Pontano
524 1621 695 1689 proficiscens
712 1620 934 1676 adlitterationem
958 1620 1015 1675 fieri
1038 1621 1097 1676 vult
1119 1622 1212 1691 primis
1229 1622 1335 1692 littens,

146 1706 238 1774 primis
256 1705 379 1775 syllabis,
407 1707 436 1759 in
453 1722 506 1762 una
522 1708 654 1775 postrema
672 1706 699 1761 et
717 1706 799 1763 altera
815 1708 901 1776 prime
918 1706 1032 1777 syllaba,
1057 1709 1086 1762 in
1104 1709 1199 1762 mediis
1216 1709 1337 1778 vocibus,

51 1810 61 1819 ··
148 1792 177 1844 in
193 1792 334 1860 postremis
352 1791 476 1861 syllabis3
498 1792 597 1862 simile,
621 1793 691 1862 quod
709 1794 738 1846 in
755 1793 844 1862 veijbis
866 1793 899 1848 ab
918 1795 1010 1849 eadem
1028 1794 1110 1864 stirpe
1128 1795 1254 1850 deiivatis
1273 1810 1335 1848 con-

147 1878 247 1932 tinebit
263 1879 448 1949 (paregmenon
466 1880 494 1932 et
510 1878 684 1950 polyptoton),
702 1896 752 1933 nec
769 1880 859 1933 minus
876 1880 1087 1948 paronomasiam
1105 1882 1220 1935 secernit
1237 1881 1270 1936 ab
1288 1881 1335 1935 ad-

146 1963 313 2020 litteratione.
340 1964 472 2035 Deinceps
489 1964 542 2020 Ed.
560 1966 601 2019 du
618 1965 729 2033 Meril,
748 1981 798 2021 ess.
816 1964 882 2034 phil.
901 1981 922 2021 s.
941 1965 959 2021 l.
977 1967 1060 2035 piino.
1079 1970 1107 2021 et
1122 1967 1162 2021 les
1178 1968 1254 2022 form.
1273 1967 1299 2022 d.
1316 1966 1335 2022 l.

146 2066 214 2106 vers.
232 2068 258 2121 p.
277 2056 311 2104 98
334 2051 555 2119 adlitterationqm
578 2052 737 2107 Graecorum
763 2052 919 2122 parachesin
947 2068 1060 2121 aequare
1086 2054 1186 2109 statuit
1222 2053 1335 2108 Pontani

146 2137 326 2191 definitionem
343 2139 405 2191 inde
422 2153 439 2193 a
456 2137 507 2206 ,Fit
523 2138 621 2209 itaque’
640 2155 725 2208 usqne
743 2139 777 2193 ad
797 2138 897 2207 ,primis
914 2139 1059 2194 vocalibus‘
1078 2140 1117 2195 ita
1134 2139 1226 2208 probat
1242 2140 1334 2195 Mach-

145 2222 207 2292 lyus
224 2222 258 2277 N.
277 2223 303 2279 S.
322 2223 357 2278 M.
377 2228 456 2293 1864,
480 2241 505 2293 p.
523 2229 588 2292 214,
613 2227 643 2279 ut
665 2225 745 2279 etiam
769 2225 920 2294 paregmeni
943 2227 970 2279 et
992 2224 1122 2294 polyptoti
1145 2219 1266 2294 cntempla
1287 2226 1335 2280 ad·

146 2309 300 2365 litterationi
323 2311 375 2365 det.
411 2310 534 2380 Sequitur
555 2311 609 2365 Ed.
633 2311 790 2380 Lochius,
818 2312 864 2381 qui
890 2311 918 2364 in
946 2310 1128 2366 disseitatione
1155 2328 1204 2367 sua
1229 2312 1262 2366 de
1284 2328 1335 2366 usu
1419 2310 1422 2315 '

147 2384 343 2451 allitterationis
360 2396 431 2465 apud
448 2398 539 2465 poetas
557 2397 665 2451 Latinos
682 2397 903 2453 adlitterationem
921 2397 1080 2453 ad'initium
1098 2399 1125 2451 et
1142 2397 1221 2452 finem
1239 2414 1336 2453 vocum

146 2484 260 2537 revocat.
296 2482 354 2538 Iam
375 2498 438 2536 vero
460 2500 494 2536 no
517 2483 631 2536 editores
654 2483 761 2551 quidem
783 2483 900 2538 Plautini
922 2483 956 2537 de
979 2483 1174 2539 adlitteratione
1201 2485 1335 2553 disputare

147 2569 298 2623 omiserimt.
339 2568 473 2622 Brixius
499 2568 608 2638 quidem
634 2568 834 2624 adlittcrationis
860 2569 1051 2638 amplissimam
1077 2571 1211 2624 notionem
1234 2571 1334 2639 recepit

147 2652 217 2722 (adn.
236 2655 270 2710 ad
286 2654 356 2711 liin.
369 2660 415 2709 27:
435 2654 492 2725 ,Die
503 2654 672 2710 Alliteration
688 2655 790 2709 invitus
807 2655 836 2708 ni
853 2655 948 2710 invitet
966 2655 1042 2725 ...’).
1070 2656 1098 2711 F.
1112 2657 1144 2710 l.
1156 2656 1334 2710 Lorenzius

147 2744 236 2800 eutem
259 2740 451 2798 adlitteratione
473 2741 579 2796 novicia
605 2726 672 2795 ioco
689 2740 787 2797 omissa
808 2757 874 2796 usus
896 2743 938 2796 est
954 2741 1093 2797 Germanis
1115 2742 1219 2797 voculis
1238 2742 1334 2812 ,Buch-

148 2828 313 2896 stabenreim,
335 2824 493 2881 Silbe'nneim
511 2844 544 2881 zu
563 2828 684 2899 Anfang'.
719 2828 807 2898 Atque
829 2828 875 2882 hic
898 2828 1005 2897 quidem
1029 2829 1128 2898 optime
1150 2829 1183 2882 de
1206 2828 1334 2883 similium

146 2915 229 2970 variis
254 2914 399 2969 rationibus
426 2914 585 2983 pnomeiitus
612 2916 664 2983 est,
691 2931 752 2969 oum
778 2914 919 2984 praecipue
944 2914 973 2967 in
999 2915 1159 2983 praefatione
1185 2916 1219 2970 ad
1235 2915 1333 2970 Pseud.

146 3018 172 3071 p.
192 3006 224 3055 37
235 3017 291 3070 sqq.
310 3002 432 3055 accurate
449 3000 576 3054 discernit
593 3000 662 3054 inter
680 3000 930 3071 ,Buchstabemeim
950 2999 1106 3055 Silbenreim
1124 3018 1158 3055 zu
1175 3000 1287 3071 Anfang,
1304 3001 1335 3053 in

147 3088 195 3141 der
211 3086 295 3155 Mitte,
314 3103 347 3141 zu
365 3085 440 3140 lllnde
457 3086 503 3140 der
515 3086 630 3156 Wtirter,
648 3089 792 3157 Assonanz,
812 3087 1020 3158 etymologn'sche
1031 3086 1120 3158 ligur,
1139 3087 1333 3154 Paronomasie,

148 3171 300 3243 Wortspiel'
319 3172 363 3241 (of.
382 3188 486 3242 quoque
503 3174 583 3241 praef.
601 3175 635 3229 ad
653 3173 730 3228 Most.
748 3179 791 3243 48,
813 3174 847 3229 ad
864 3172 921 3227 llil.
940 3174 993 3243 61).
1031 3173 1105 3239 Quae
1127 3173 1260 3229 distinctio
1281 3189 1334 3227 non

149 3259 249 3329 placuit
266 3258 297 3313 R.
315 3258 461 3329 Klotzio,
480 3259 526 3328 qui
544 3259 604 3329 ,Zun
621 3259 734 3315 Allitter.
752 3277 777 3314 u.
796 3260 937 3329 Symmetr.
955 3259 998 3315 bei
1014 3259 1041 3315 Τ.
1058 3259 1094 3314 Μ.
1106 3258 1155 3313 Pl'
1174 3265 1227 3329 p.1
1246 3259 1335 3328 ampla

150 3347 263 3415 quadam
281 3345 482 3401 adlitterationis
500 3345 651 3400 definitione
669 3347 807 3415 impetrata
829 3346 893 3401 huic
915 3346 1022 3415 quidem
1039 3346 1084 3415 (,d.
1099 3345 1278 3401 Allittsration
1295 3347 1333 3398 im

147 3433 272 3487 weitemn
298 3430 397 3500 Sinne')
422 3447 476 3486 non
501 3431 588 3486 solum
614 3433 798 3488 homoeoarota
825 3433 882 3501 dat,
909 3432 957 3487 sed
983 3433 1062 3487 ctiam
1086 3448 1208 3503 magnam
1231 3434 1333 3501 paiteni

146 3518 401 3588 paronomasiauun,
423 3518 520 3588 figuras
542 3519 731 3589 etymologicus
748 3520 803 3573 fere
820 3535 918 3574 omnes.
949 3518 1008 3585 Qua
1024 3520 1112 3573 tamen
1130 3518 1333 3587 amplificatione

146 3621 239 3660 vereor
255 3621 290 3659 ne
306 3608 375 3659 retro
393 3604 650 3660 cesseiit·similium
662 3604 776 3676 cognitio
788 3607 884 3674 potius,
902 3620 982 3674 quam
992 3621 1132 3676 progressa
1143 3606 1186 3660 sit.
1211 3604 1332 3660 Ceterum

146 3690 360 3761 Ribbeckius,
386 3691 432 3760 qui
448 3690 478 3744 in
494 3691 628 3745 libro-suo
647 3692 685 3761 ,11
704 3693 768 3746 idm.
786 3689 936 3761 Tragoedie'
959 3708 1011 3746 non
1037 3691 1120 3747 semel
1146 3692 1179 3746 de
1196 3691 1331 3746 adlittera-

146 3778 218 3832 tione
237 3777 364 3848 cogitauit
381 3778 414 3832 cf.
432 3795 459 3846 p.
477 3782 523 3846 42,
541 3781 606 3846 215,
624 3782 688 3846 338,
705 3778 822 3848 itemque
840 3777 881 3832 Sc.
900 3777 931 3832 R.
950 3777 980 3833 P.
998 3777 1028 3847 Ι,
1047 3795 1072 3846 p.
1090 3778 1141 3847 IX,
1159 3778 1193 3833 ad
1211 3777 1269 3833 Liv.
1290 3782 1331 3846 13,

147 3879 172 3934 p.
191 3863 269 3932 XIX,
290 3864 323 3920 ad
342 3864 407 3918 linn.
426 3869 473 3932 44,
491 3880 516 3932 p.
535 3864 586 3918 LX
603 3865 638 3919 ad
654 3866 717 3919 Aac.
737 3870 801 3932 495,
824 3863 877 3918 vol.
895 3863 934 3931 11,
952 3882 977 3933 p.
996 3863 1091 3933 XVH,
1109 3863 1209 3918 XXIX
1227 3880 1266 3932 sp.
1285 3864 1331 3918 ad-

146 3949 333 4006 littorationem
350 3950 379 4003 in
397 3951 507 4005 eandem
525 3950 681 4006 sententiam
699 3951 802 4019 accepit
818 3946 850 4005 'ac
867 3965 916 4004 nos
933 3950 1142 4005 homoeoarcton.
1172 3950 1332 4018 Nuperrime

148 4038 261 4108 denique
278 4036 506 4091 Woelfflinius
525 4035 565 4106 ,D.
583 4035 627 4091 all.
646 4036 725 4093 Verb.
744 4038 769 4092 d.
788 4037 832 4092 lat.
851 4035 917 4105 Spu?
946 4035 1017 4090 s-B.
1037 4036 1330 4091 salaminiam

147 4125 199 4180 vol.
212 4124 248 4193 Π,
262 4130 285 4193 1,
298 4141 323 4193 p.
334 4128 350 4177 3
362 4138 419 4192 sqq.
438 4121 658 4178 adlitterationem
676 4123 710 4178 ad
727 4123 827 4193 primes
843 4125 946 4183 tantum
963 4123 1065 4178 litteras
1082 4124 1223 4179 verborum
1240 4124 1330 4177 refeni

147 4212 212 4268 mult.
232 4210 318 4277 Quem
339 4211 447 4264 secutus
468 4210 510 4263 est
526 4208 571 4262 W.
589 4208 713 4265 Ebrard
740 4210 797 4281 ,Die
815 4209 900 4265 Allitt.
927 4209 955 4263 in
978 4210 1003 4263 d.
1021 4209 1065 4264 lat.
1083 4209 1149 4278 Spr?
1185 4210 1329 4279 Bayreuth.

131 4297 225 4359 Hogzz
247 4300 324 4359 1882,
338 4312 368 4362 p.
389 4301 421 4350 3:
434 4293 628 4365 ,Atticinum
646 4329 680 4339 —
698 4296 872 4367 Gleichkluug
887 4296 927 4350 im
943 4295 1059 4352 Auluut’.
