2858 5010
425 1037 697 1158 Conspectus
729 1037 1019 1156 argumenti.

121 1312 181 1380 Cap.
200 1311 221 1363 Ι.
249 1313 279 1378 ,δῇ
297 1315 373 1363 2-9.
400 1309 440 1363 De
457 1312 578 1365 veterum
596 1310 713 1365 doctrina
753 1351 1179 1366 ...........
1197 1260 1298 1368 7ῗ895

324 1402 348 1449 2.
375 1396 449 1450 Antis
465 1396 654 1451 vocabulorum
673 1403 827 1465 conspectus
880 1439 1144 1453 .......
1198 1406 1256 1454 7-
1282 1409 1298 1455 8
1405 1434 1408 1439 -

325 1487 348 1537 3.
375 1482 415 1535 De
433 1483 497 1537 artis
513 1483 652 1537 vocabulis
668 1483 835 1552 generalibus
880 1525 1142 1538 .......
1197 1494 1299 1540 9-12

324 1576 348 1622 4.
376 1568 415 1622 De
432 1569 543 1638 parisosi
560 1570 701 1638 verbisque
718 1569 789 1622 idem
807 1569 1015 1639 significantibus
1051 1613 1056 1625 .
1094 1612 1099 1623 .
1136 1613 1142 1625 .
1181 1578 1298 1635 12—13

323 1661 347 1710 ὁ.
367 1659 390 1709 6.
410 1655 449 1709 De
467 1656 631 1725 paromoeosi
666 1697 1143 1711 ............
1181 1665 1299 1712 13-22
1397 1670 1406 1691 ’-

273 1740 354 1795 Cunus
380 1741 430 1796 hae
459 1741 574 1796 rationes
601 1742 724 1810 deinceps
752 1744 910 1796 nectantur:
937 1740 1145 1810 homoeoareston‚

271 1827 528 1882 homoeoeatalecton
559 1828 777 1897 (homoeoptoton,
808 1827 1046 1899 homoeoteleuton)
1076 1830 1147 1884 κατὰ

272 1910 355 1981 μέρος
376 1913 472 1983 λόγον,
493 1914 750 1982 homoeocatarcton,
768 1914 945 1983 epanaphora,
963 1915 1145 1970 homocooata·

272 1998 360 2053 lecton
377 1997 448 2054 κατὰ
465 2005 546 2068 κῶλα,
565 2000 734 2069 antistrophe,
753 2001 896 2069 symplooe.

324 2092 348 2140 7,
365 2090 390 2139 8.
417 2085 457 2138 Dc
476 2087 570 2140 cetone
592 2086 723 2140 similibus
741 2087 832 2156 liguris
851 2087 1010 2156 (parochesi,
1033 2102 1143 2157 parono-
1325 2150 1328 2155 ,

392 2173 485 2242 masia,
503 2172 598 2242 panso,
617 2188 782 2242 paregmeno‚
801 2171 945 2242 polyptoto)
964 2215 1140 2228 .....
1177 2180 1210 2227 92
1221 2181 1298 2228 -32

322 2264 347 2314 9.
374 2259 414 2312 De
431 2259 525 2330 figrnis
542 2257 706 2328 repetitionis
751 2300 1141 2315 ..........
1178 2267 1211 2314 32
1223 2290 1255 2296 —
1266 2266 1298 2313 35

118 2361 179 2428 Cap.
197 2361 232 2414 ΙΙ.
260 2362 418 2429 §510-19.
449 2361 489 2415 De
514 2377 714 2433 paromoeoseos
742 2363 813 2431 apud
839 2366 941 2416 veteres
967 2361 1145 2417 Romanorum

271 2448 361 2515 poetas
378 2464 430 2502 usu
448 2491 668 2503 ......
677 2512 680 2519 Ι
707 2489 1141 2504 ...........
1179 2454 1252 2502 35—
1265 2456 1298 2502 85

324 2539 432 2588 10—16.
459 2535 500 2589 De
516 2535 696 2590 homoeoarcti
713 2550 764 2588 usu
793 2574 1143 2589 .........
1179 2540 1212 2587 35
1222 2567 1255 2574 -
1266 2541 1297 2605 ⁷1.

272 2625 312 2674 10.
338 2619 378 2674 De
396 2621 574 2676 homoecarcti
596 2623 679 2676 forma
700 2620 933 2690 exemplorumque
955 2620 1144 2689 probabilitate.

271 2713 311 2759 11.
339 2706 380 2760 De
392 2708 462 2765 hom.
481 2725 534 2762 usu
551 2708 579 2761 in
590 2722 671 2764 versu
682 2708 807 2762 saturnio.
824 2707 1003 2761 homoeoaroti
1014 2706 1087 2777 leges
1095 2707 1144 2761 111.

271 2808 296 2859 p.
310 2797 351 2846 43.
389 2799 497 2847 12-15.
517 2794 557 2847 De
574 2794 645 2848 hom.
663 2811 715 2848 usu
731 2795 759 2847 in
776 2811 821 2847 vv.
840 2793 969 2848 scaenicis
987 2795 1013 2846 et
1031 2793 1143 2848 heroice.

273 2881 313 2929 16.
331 2877 371 2930 De
385 2880 571 2932 controversiis
584 2880 749 2949 quibusdam,
768 2882 909 2948 quaesunt
923 2880 955 2933 de
966 2880 1144 2934 homoeoarcti

270 2964 364 3018 forins.

324 3056 363 3104 17.
390 3050 431 3105 De
447 3051 680 3107 homoeocatalecti
698 3073 721 3105 κ.
740 3049 824 3122 μέρος
841 3049 926 3122 λόγου
944 3069 995 3115 usu
1051 3093 1056 3104 .
1094 3094 1099 3105 .
1137 3093 1152 3111 .,
1179 3058 1297 3107 71-73

323 3141 362 3189 18.
389 3137 431 3191 De
447 3154 646 3207 paromoeosecs
668 3159 691 3192 κ.
715 3137 805 3210 ἀρχὴν
824 3143 877 3194 τῶν
895 3137 991 3194 κώλων
1009 3139 1142 3208 (homoeo-

390 3225 506 3294 catarcti
525 3225 715 3294 epanaphorae)
733 3241 786 3279 usu
838 3265 1142 3279 ........
1179 3230 1298 3278 74-76

324 3314 364 3362 te.
390 3309 430 3363 De
447 3326 646 3379 paromoeoseos
664 3309 734 3366 nurci
752 3308 827 3376 τέλος
839 3313 892 3366 τῶν
904 3308 997 3365 κώλων
1009 3310 1144 3380 (homoeo-

391 3396 520 3466 catalecti,
538 3397 724 3466 antistrophes)
741 3413 793 3452 usu
838 3437 1142 3451 ........
1180 3402 1211 3449 to
1222 3429 1252 3435 —
1264 3403 1297 3450 85

119 3497 179 3564 Cap.
198 3497 246 3551 Ill.
273 3499 347 3565 §20.
374 3499 414 3553 De
432 3501 527 3554 ceteris
543 3501 636 3571 figruis
653 3499 836 3555 similitudinis
857 3502 885 3553 et
901 3501 1064 3568 repetitionis
1094 3543 1100 3554 .
1137 3543 1142 3554 .
1178 3505 1298 3553 86-96

271 3584 311 3638 De
318 3585 499 3655 parceheseoS‚
509 3587 712 3656 paronomasiae,
721 3587 881 3657 paregmcni,
891 3586 1020 3655 polyptoti
1030 3607 1054 3640 κ.
1062 3584 1145 3654 μέρος

271 3668 357 3741 λόγου
374 3688 426 3726 usu
442 3690 467 3742 p.
479 3678 538 3726 86-
547 3680 588 3727 89.
607 3671 678 3728 κατὰ
697 3677 768 3728 κῶλα
785 3689 810 3740 p.
820 3675 930 3726 89-92.
949 3671 1059 3726 Parison
1077 3671 1144 3724 Her-

271 3773 427 3827 mogeneum
444 3776 469 3828 p.
490 3765 531 3812 92.
566 3760 607 3813 De
625 3759 770 3815 variatione
795 3760 920 3814 accentus
942 3759 970 3810 in
992 3758 1145 3826 repetitione

271 3859 296 3910 p.
315 3849 425 3898 92-93.

321 3934 363 3984 21.
389 3932 587 3986 Adumbrantur
604 3932 781 3986 homoeoaroti
799 3933 898 3986 aetates
923 3971 1143 3985 ......
1180 3934 1211 3982 93
1223 3961 1253 3967 -
1265 3936 1298 3982 95

320 4020 362 4070 22.
390 4017 429 4070 De
447 4019 577 4072 similium
594 4018 736 4088 figuuarum
763 4018 792 4070 in
816 4017 999 4073 emendatione
1023 4017 1146 4072 Plautina

391 4103 490 4171 triplici
506 4121 588 4159 uisura
624 4143 1143 4158 .............
1180 4107 1299 4154 95—110

270 4189 298 4240 in
317 4189 500 4259 dittographiis
518 4191 703 4261 dignoscendis
721 4208 747 4260 p.
765 4195 892 4245 95—100.
911 4191 939 4242 in
957 4189 1069 4259 singulis
1085 4205 1144 4241 ver·

269 4275 343 4329 sibus
356 4276 526 4330 emendandis
538 4294 564 4346 p.
578 4282 720 4331 ror-106.
738 4277 766 4331 in
779 4277 940 4331 canticorum
956 4276 1074 4344 partibus
1088 4275 1145 4343 qui·

270 4361 380 4416 busdam
404 4362 570 4433 (soliloquiis)
593 4365 621 4416 in
645 4364 829 4418 concinnitatis
855 4364 972 4432 speciem
994 4362 1145 4430 redigendis

272 4465 296 4516 p.
317 4455 461 4503 10o-1ro.
