2858 5010
625 256 839 318 ..16-

224 430 452 492 Paromososeos
480 452 554 488 κατα
581 428 669 511 μέρος
698 425 788 510 λόγου
824 416 941 509 speeies
969 431 1076 506 altera,
1112 451 1143 489 π.
1166 428 1259 490 κατὰ
1289 434 1328 492 τὸ

141 529 244 603 τέλος
266 537 335 593 τῶν
357 526 551 611 ὀνομάτων
573 533 622 607 fit,
652 550 721 592 oum
743 532 832 593 binae
854 534 903 593 vel
925 533 1026 610 piures
1053 533 1199 594 dictiones
1220 535 1272 595 vei
1294 536 1329 595 in

145 636 265 695 eosdem
287 654 373 697 casus
395 636 513 711 cadunt,
536 635 615 713 quod
636 629 897 712 ὅμοιόπτωτον
925 636 1049 713 dicitiu,
1076 636 1126 696 vel
1152 637 1185 697 in
1207 638 1330 699 easdem

139 738 271 813 syllabas
286 740 435 815 desinunt,
458 740 537 818 quod
558 733 853 817 ὁμοιοτὲλευτον
874 739 998 801 dictam
1021 740 1112 801 schol.
1127 740 1166 800 ad
1180 740 1284 802 Herm.
1296 766 1327 801 π.

141 840 180 900 td.
204 835 240 901 α’.
263 842 332 903 VH.
357 846 449 918 1032,
473 848 522 905 17.
542 842 605 919 W.,
634 845 686 921 τῆς
715 837 747 901 δὲ
774 836 849 902 κατὰ
876 840 907 903 τὸ
938 840 1019 916 τέλος
1045 868 1075 904 π.
1105 836 1138 904 τὸ
1165 840 1218 922 μέν
1248 842 1329 905 ἔστιν

189 978 348 985 -.----

140 1058 293 1129 vocalibus',
312 1060 542 1115 continuo'tamon
558 1059 643 1115 addit:
670 1059 799 1130 ,Delectat
816 1063 904 1115 autem
923 1059 1071 1115 Alliteratio
1088 1060 1155 1115 haec
1172 1061 1283 1116 mirifice
1300 1063 1329 1115 in

139 1146 233 1214 primis
250 1148 277 1200 et
293 1134 396 1201 ultimis
413 1145 480 1200 locis
498 1147 575 1215 facta,
593 1146 622 1199 in
640 1146 736 1200 mediis
754 1162 868 1214 quoque,
885 1146 950 1200 licet
967 1146 1066 1200 ibidem
1080 1162 1156 1201 aures
1168 1148 1256 1203 minus
1274 1148 1330 1201 sint

139 1232 271 1286 intantao’.
307 1232 366 1285 Viri
383 1233 455 1286 docti
472 1248 556 1301 porro,
575 1233 620 1300 qui
638 1232 667 1285 in
688 1231 837 1286 (1616161116
854 1231 951 1286 litteris
968 1234 1115 1302 vomantur,
1133 1233 1329 1288 adlitteratione

139 1318 173 1371 ad
189 1318 296 1371 initium
320 1318 460 1372 verbonmi
483 1322 607 1373 revocata
630 1318 722 1372 eadem
749 1319 879 1372 sententia
902 1319 944 1372 uti
966 1319 1052 1373 solent
1073 1321 1153 1388 atque
1172 1319 1329 1374 Germanica

139 1420 204 1458 voce
221 1403 365 1459 Stcbreda.
394 1403 446 1470 Qui
462 1406 551 1459 autem
564 1403 741 1459 Romanorum
759 1403 959 1459 adlittorationis
976 1406 1038 1459 6661
1061 1421 1167 1474 oporam
1189 1408 1328 1467 navuunt

139 1490 185 1544 alii
203 1489 282 1545 aliam
299 1490 487 1545 adlitterationi
505 1491 695 1559 impresserimt
711 1488 852 1544 notionem.
884 1491 924 1544 Ac
941 1490 1089 1545 Naokius
1107 1492 1215 1560 quidem
1226 1490 1263 1547 Μ.
1275 1490 1327 1547 Rh.

140 1580 215 1645 1829,
233 1594 258 1645 p.
278 1582 329 1632 324
346 1592 363 1632 a
380 1576 499 1632 Pontauo
516 1577 687 1645 proficiscens
704 1575 926 1632 adlitterationem
951 1576 1008 1631 lieri
1030 1576 1089 1631 vult
1112 1578 1204 1647 primis
1222 1577 1327 1646 litteris,

138 1663 231 1731 primis
248 1662 371 1732 syllabis,
399 1664 428 1716 in
445 1678 498 1718 666
515 1664 647 1732 postrema
664 1662 691 1716 et
709 1662 791 1719 altera
807 1664 893 1732 prima
910 1662 1024 1733 syllaba,
1049 1665 1078 1717 in
1096 1664 1191 1717 mediis
1208 1664 1328 1732 vocibus,

43 1768 51 1775 ·
140 1749 170 1801 in
185 1749 327 1817 postremis
344 1748 468 1818 syllabis3
490 1748 589 1818 simile,
614 1749 683 1818 quod
702 1749 731 1802 in
747 1749 836 1818 verbis
859 1749 891 1804 ab
910 1750 1002 1804 eadem
1021 1750 1102 1819 stirpe
1120 1750 1246 1805 derivatis
1265 1765 1328 1803 con-

139 1835 239 1889 tinetm
255 1836 441 1905 (paregmenon
458 1836 486 1888 et
502 1835 676 1905 polyptoton),
694 1852 744 1889 neo
762 1836 851 1889 minus
869 1836 1079 1904 paronomasiam
1097 1837 1213 1890 secernit
1229 1836 1262 1891 ab
1280 1836 1328 1890 ad-

138 1920 305 1976 litteratione.
332 1921 464 1991 Deinceps
481 1920 534 1976 Ed.
552 1921 593 1975 du
610 1921 721 1989 Meril,
740 1937 790 1976 666.
808 1920 874 1990 phil.
894 1921 951 1977 61.
969 1923 1052 1991 princ.
1071 1921 1154 1977 61166
1171 1923 1246 1977 form.
1265 1922 1291 1976 d.
1309 1922 1327 1976 1.

138 2023 207 2062 vers.
225 2025 250 2077 p.
269 2013 303 2061 96
326 2007 547 2075 adlitterationqm
570 2008 730 2063 Graecorum
756 2008 912 2078 parochesin
940 2024 1052 2077 aequare
1078 2009 1178 2064 statuit.
1214 2008 1327 2063 Pontani

139 2093 318 2148 definitionom
335 2095 397 2148 inde
414 2110 431 2149 a
445 2082 499 2163 ,Fit
516 2094 614 2165 itaque'
632 2111 718 2163 usquc
736 2096 770 2149 ad
789 2094 889 2163 ,prinus
906 2094 1052 2149 vocalibus'
1070 2096 1109 2150 ita
1125 2094 1219 2163 probat
1234 2095 1326 2150 Maeli-

138 2179 199 2249 lyus
217 2179 250 2234 N.
269 2179 295 2235 S.
314 2179 349 2234 M.
369 2184 448 2249 1864,
472 2198 497 2249 p.
516 2185 580 2249 214,
605 2183 635 2234 ut
657 2181 737 2235 etiam
761 2180 913 2250 paregmeni
935 2183 963 2235 61
985 2180 1114 2250 polyptoti
1137 2174 1259 2250 cntempla
1280 2182 1327 2235 ad·

138 2265 293 2321 litterationi
315 2267 367 2322 (161.
403 2266 527 2335 Sequitur
548 2267 601 2321 Ed.
625 2266 783 2335 Lochias,
810 2267 857 2335 qui
882 2267 912 2320 in
938 2267 1120 2322 dissertatione
1147 2283 1196 2322 sua
1221 2267 1254 2321 de
1276 2283 1327 2321 usu

139 2342 335 2407 allitterationis
352 2352 424 2421 apud
440 2354 531 2421 poetas
549 2353 656 2407 Latinos
674 2352 895 2409 adlittsrationem
913 2353 1072 2409 ad·initium
1090 2355 1117 2407 et
1134 2352 1214 2407 finem
1231 2370 1327 2408 vocum

138 2440 253 2493 revocat.
288 2439 346 2494 Iam
368 2454 431 2492 vcro
453 2456 486 2491 ne
510 2439 623 2492 editores
646 2439 754 2507 quidem
775 2439 893 2494 Plautini
915 2440 948 2493 de
972 2438 1166 2494 adlitteratione
1193 2440 1328 2509 disputare

140 2525 290 2579 omiserunt.
331 2524 465 2580 Brixius
492 2525 599 2594 quidem
626 2524 826 2579 adlittorationis
852 2524 1044 2593 amplissimam
1069 2526 1204 2579 notionem
1227 2526 1327 2593 recepit

140 2609 210 2679 (adn.
228 2611 263 2666 ad
279 2610 349 2667 liin.
362 2616 407 2665 at:
427 2610 664 2681 ι11161111116161166
681 2611 782 2665 invitus
800 2611 828 2664 ni
845 2611 941 2665 invitet
959 2611 1034 2680 ...').
1062 2611 1091 2666 F.
1104 2613 1136 2665 A.
1148 2611 1327 2665 Lorenzius

139 2701 230 2756 autom
252 2696 443 2753 adlittsratione
465 2698 572 2752 novicia
597 2682 663 2752 1666
681 2697 780 2752 omissa
801 2713 867 2752 usus
889 2699 930 2752 est
947 2696 1085 2753 Germanis
1108 2697 1211 2752 voculis
1230 2697 1327 2767 ,Buch-

56 2772 59 2777 ’
140 2785 306 2852 stabomeim,
328 2774 485 2838 Silbenreim
504 2800 537 2837 zu
555 2785 676 2856 Anfang'.
711 2784 800 2854 Atque
822 2784 868 2838 hic
890 2784 997 2853 quidem
1022 2784 1120 2853 optime
1143 2784 1176 2838 de
1198 2783 1326 2838 similium

139 2872 221 2927 variis
247 2870 392 2926 rationibus
419 2871 577 2939 promeritus
604 2873 656 2940 ost,
683 2887 745 2925 omn
770 2870 911 2939 praecipue
936 2870 966 2922 in
991 2870 1152 2938 praefatione
1177 2870 1211 2925 ad
1228 2870 1326 2925 Pseud.

139 2976 164 3028 p.
184 2963 216 3011 37
227 2974 283 3026 sqq.
302 2958 424 3012 accmate
442 2956 569 3011 discernit
585 2957 654 3011 inter
672 2956 922 3027 ,Buchstabenreim
942 2955 1099 3011 Silbemoim
1117 2973 1151 3010 zu
1167 2956 1279 3026 Anfang,
1297 2956 1327 3008 in

139 3044 187 3098 der
203 3043 287 3112 Mitte,
306 3058 340 3097 zu
357 3042 432 3097 Euda
449 3043 497 3097 der
507 3043 622 3112 Wdrter,
640 3045 784 3113 Assonauz,
804 3042 1012 3114 etymologisohe
1024 3042 1113 3114 Figur,
1131 3042 1325 3109 Paronomasie,

140 3128 293 3200 Wortspiel’
312 3128 355 3199 (61.
375 3144 478 3199 quoque
496 3130 575 3198 praef.
594 3129 627 3185 ad
645 3129 722 3184 Most.
741 3135 783 3199 48,
805 3128 986 3199 adlidat).
1024 3129 1098 3195 Quae
1120 3129 1326 3184 distinctiones

141 3216 242 3286 placuit
258 3215 290 3270 R.
308 3215 453 3285 Klotzio,
473 3216 518 3285 qui
537 3216 596 3286 ,Zur
613 3215 726 3271 11111161.
744 3233 770 3270 6.
788 3216 929 3285 Symmetr.
947 3215 991 3271 bei
1007 3215 1034 3271 Τ.
1051 3215 1087 3269 Μ.
1099 3214 1148 3269 Pl.’
1166 3232 1191 3283 p.
1206 3220 1219 3267 1
1239 3214 1327 3283 ampla

142 3304 256 3372 quadam
274 3302 475 3358 adlitterationis
493 3302 644 3356 delinitione
661 3303 800 3372 impetrata
821 3302 886 3357 huic
907 3302 1015 3371 quidem
1032 3301 1077 3371 (,d.
1092 3301 1271 3356 Allitteration
1288 3301 1326 3353 im

140 3389 265 3444 woitoron
290 3387 389 3457 Sinno’)
415 3404 468 3443 non
494 3388 581 3443 solum
607 3390 791 3444 homoeoarcta
817 3389 874 3456 dat,
901 3389 949 3443 sed
975 3388 1055 3443 etiam
1079 3403 1201 3458 magnam
1224 3389 1326 3456 partem

139 3475 394 3545 paronomasiarum,
416 3475 513 3545 figuras
535 3474 724 3545 etymologicas
740 3476 795 3529 iore
812 3490 911 3529 omnes.
942 3474 1000 3541 Qua
1017 3476 1106 3529 tamm
1123 3473 1325 3543 amplificatione

139 3578 232 3617 vereor
248 3578 283 3616 ne
299 3562 369 3616 retro
386 3561 642 3617 cesserit·similiu1n
654 3560 768 3632 cognitio
780 3562 876 3630 potius,
895 3578 974 3631 quam
985 3576 1125 3631 progressa
1136 3561 1179 3615 sit.
1203 3559 1325 3615 Ceterum

139 3646 353 3718 Ribbeckius,
378 3648 424 3717 qui
441 3647 470 3701 in
487 3647 621 3703 librosuo
639 3648 678 3717 ίΙ).
696 3649 760 3702 rdm.
779 3645 928 3717 {lragoedia‘
952 3664 1004 3702 non
1030 3646 1113 3702 semel
1139 3647 1172 3701 de
1189 3645 1324 3702 adlittera·

139 3735 211 3789 tione
229 3734 357 3805 cogitavit
375 3735 407 3789 cf.
425 3751 451 3803 p.
469 3739 515 3803 42,
533 3738 598 3802 216,
616 3738 680 3801 338,
698 3733 815 3804 itemquo
832 3733 874 3788 So.
892 3733 924 3788 R.
943 3733 974 3788 P.
991 3733 1022 3802 I,
1040 3751 1065 3802 p.
1083 3733 1134 3802 IX,
1152 3734 1186 3788 ad
1204 3732 1262 3787 Liv,
1283 3736 1324 3800 13,

140 3836 165 3891 p.
184 3820 262 3889 XIX,
283 3821 317 3877 ad
335 3821 400 3875 Eun.
419 3826 465 3889 44,
484 3837 509 3889 p.
528 3820 578 3874 LX
595 3820 630 3874 ad
646 3820 710 3875 Ace.
730 3825 794 3888 496,
817 3820 869 3874 vol.
887 3819 927 3885 Π,
945 3837 970 3888 p.
989 3819 1085 3889 XVH,
1102 3818 1202 3873 XXIX
1220 3835 1258 3887 sp.
1277 3819 1324 3873 ad-

139 3906 326 3963 litterationem
343 3907 372 3960 in
390 3907 500 3962 eandem
518 3906 674 3961 sententiam
691 3906 795 3975 accepit
811 3902 843 3961 'ac
860 3921 908 3960 nos
925 3906 1134 3961 homoeoarcton.
1165 3904 1324 3973 Nuperrime

140 3995 254 4066 denique
271 3993 499 4049 Woelfflinius
518 3992 557 4063 ,D.
576 3991 718 4048 61111611).
737 3993 762 4047 d.
781 3992 825 4047 lat.
844 3992 910 4061 Spr’
939 3991 1010 4046 s-B.
1030 3990 1322 4047 cabanariam

140 4083 192 4138 vol.
205 4082 241 4151 Π,
255 4088 278 4151 1,
291 4099 316 4151 p.
327 4086 343 4134 3
355 4096 412 4149 sqq.
430 4078 651 4134 adlitterationem
669 4079 703 4134 ad
720 4079 819 4148 primas
833 4080 939 4146 ¹‚tautum
956 4079 1058 4134 litteras
1074 4078 1216 4133 vorborum
1233 4078 1323 4131 referri

140 4170 205 4226 6611.
225 4168 311 4235 Quom
332 4168 439 4221 secutus
461 4168 502 4221 est
519 4165 563 4218 W.
581 4164 706 4221 Ebrard
733 4165 893 4238 ,16611111
920 4165 948 4219 in
971 4165 996 4219 d.
1014 4165 1058 4220 lat.
1076 4164 1142 4233 Spr.’
1178 4164 1322 4233 Bayreuth.

123 4254 218 4318 progr.
240 4258 317 4317 1882,
331 4269 361 4319 p.
381 4258 414 4307 3:
427 4250 621 4322 ,Allitteiatioa
639 4285 673 4295 —
691 4252 865 4323 Gleiohlilang
880 4252 920 4306 im
936 4251 1053 4307 Anlaut’.
