2858 5010
598 662 832 729 -105-

210 843 352 903 Troeheei
374 862 392 902 9
413 843 577 904 Ritsehelio
600 841 753 902 constituti
774 841 978 902 homoeoaroto
1000 844 1225 902 confirmentur:

123 946 201 1006 Nem
223 948 275 1024 qui
297 965 427 1007 eruorem
447 947 662 1025 praecipitavit,
683 947 771 1024 peius
793 946 870 1024 perit
891 947 976 1024 quasi
998 951 1073 1006 sdxo
1094 946 1189 1005 saliat.
1257 970 1260 975 ·

124 1050 207 1111 Haeo
229 1069 285 1127 ego
308 1050 402 1126 doles,
423 1051 497 1111 haee
518 1051 593 1111 haee
604 1047 625 1127 ¹)
647 1068 696 1112 me
715 1051 897 1124 excruciant,
918 1050 993 1110 haee
1015 1051 1080 1110 dies
1096 1056 1199 1111 noctes
1220 1053 1306 1109 ednto

892 1158 926 1213 ut
947 1173 1058 1214 eureos.

212 1274 279 1334 VV.
302 1278 373 1335 290.
397 1279 446 1335 91.
471 1279 520 1335 92.
543 1293 623 1350 vero,
645 1293 719 1352 quos
740 1275 893 1336 trochaeos
915 1275 1006 1334 hebet
1027 1273 1226 1334 Ritsohelius:

123 1398 283 1457 Ltemmas
312 1396 354 1455 mi
381 1396 455 1455 haee
483 1414 572 1473 quom
593 1394 681 1455 video
709 1395 850 1471 eliciunt,
879 1397 949 1474 quia
978 1413 1034 1472 ego
1062 1394 1100 1454 91
1126 1396 1182 1455 hoe
1208 1412 1305 1471 genus

896 1499 1002 1559 duravi
1023 1499 1186 1558 hominum.

393 1602 472 1677 Quin
493 1602 577 1680 prius
598 1620 647 1662 me
668 1601 707 1661 91
729 1603 824 1679 pluris
846 1603 1020 1681 penetravi?

125 1707 202 1767 Nam
223 1709 256 1766 hi
277 1725 374 1767 mores
396 1677 541 1766 maiorum
561 1705 692 1781 laudant,
715 1706 837 1766 eosdem
857 1707 980 1767 lutitant
1001 1708 1075 1784 ques
1097 1705 1282 1766 conlaudant.

126 1829 265 1906 quonism
286 1833 421 1905 apertum
442 1832 488 1888 est
509 1828 600 1887 verbe
621 1846 681 1887 non
696 1827 787 1888 liuere
807 1827 970 1904 transponi,
992 1845 1032 1886 ne
1047 1826 1304 1886 homoeoteleuton

121 1955 148 1990 κ.
172 1926 334 2010 ἡμιστίχιαι
356 1931 463 1991 duravi
478 1932 631 2009 penetravi
652 1930 789 1991 deleatur
805 1931 1008 1991 -inlibris
1033 1931 1115 1991 enim
1138 1934 1185 1990 est
1207 1929 1302 1988 homi-

123 2055 199 2094 9999
220 2036 326 2095 duravi
342 2068 380 2080 -
396 2055 414 2095 9
436 2035 546 2096 9911919
560 2035 748 2096 Ambrosiam
770 2035 970 2112 descriptione
991 2035 1183 2112 proficiscens
1198 2053 1225 2092 v.
1242 2036 1305 2094 290

122 2145 235 2216 partem
257 2139 448 2216 posteriorem
470 2145 502 2199 et
522 2158 550 2198 v.
573 2143 634 2199 291
666 2137 700 2197 19
720 2157 816 2198 unum
840 2144 929 2216 atque
960 2138 1087 2216 triplicis
1108 2136 1304 2197 homoeometi

123 2261 212 2302 eausa
233 2243 266 2301 in
287 2244 508 2320 anapaestieum
529 2242 711 2302 octonarium
722 2243 833 2318 redegi.
856 2243 893 2301 ef.
908 2242 1043 2319 Spengel
1063 2261 1092 2319 p.
1106 2245 1176 2315 179,
1198 2240 1304 2300 Stude-

125 2346 218 2404 mund
240 2346 278 2406 de
299 2351 376 2405 eant.
390 2346 436 2405 Pl.
458 2366 486 2424 p.
504 2352 540 2423 73
562 2346 595 2404 in
617 2365 644 2403 v.
662 2349 723 2405 292
747 2351 846 2405 sutem
861 2346 1057 2423 Spengelium
1072 2350 1102 2406 et
1124 2345 1304 2405 Studemun-

122 2449 194 2508 dum
205 2468 265 2509 non
276 2467 390 2527 sequor,
400 2449 453 2509 sed
461 2450 574 2511 retineo
579 2450 732 2510 trochaeos
738 2449 956 2509 Ritsehelienos
968 2449 1147 2508 labdaeismo
1158 2448 1303 2507 munitos:

327 2552 488 2614 Laerumts
510 2554 552 2613 mi
573 2554 648 2614 haee
669 2572 759 2631 quom
780 2553 868 2614 video
890 2553 1022 2629 eliciunt,

124 2656 200 2730 Quia
227 2657 264 2715 91
293 2659 350 2717 hdo
377 2677 475 2733 genus
503 2657 657 2718 hominum
689 2657 808 2717 derum:
846 2657 920 2735 quin
944 2659 1031 2734 prius
1060 2675 1108 2716 me
1140 2655 1179 2714 91
1205 2654 1304 2730 pluris
1378 2690 1381 2695 ·

886 2761 1064 2835 penetravi?

123 2863 200 2923 Nem
222 2864 255 2922 hi
276 2882 373 2924 mores
394 2863 539 2924 meierum
560 2864 698 2940 laudant,
725 2864 847 2924 edsdem
870 2864 988 2923 lutitant
1016 2866 1091 2941 ques
1117 2862 1302 2923 conlaudent.

208 2985 338 3044 Rursum
365 2984 445 3044 Trin.
469 2987 540 3046 285.
568 2984 619 3044 ubi
645 2984 857 3045 Fleckeisenus
887 2990 918 3045 et
947 2983 1068 3044 Brixius
1096 2984 1207 3043 iambos
1234 3001 1303 3042 eon·

124 3089 299 3149 stituerunt:
370 3108 387 3129 ··

251 3192 392 3269 Turbe'mt,
412 3193 541 3253 miscent
561 3193 659 3253 mores
679 3193 760 3268 meli,
781 3195 881 3270 raptx,
902 3210 1017 3268 evanue,
1037 3191 1167 3251 invidus.

210 3314 367 3375 Ritsehelii
388 3313 519 3374 trochaei
540 3314 737 3390 elegantiores
758 3315 961 3374 homoeoareto
983 3315 1153 3373 firmanum:

254 3418 394 3492 Turbam,
415 3418 543 3476 miscent
564 3421 664 3477 mores
685 3417 759 3476 mali
779 3420 880 3494 raptx,
902 3436 1017 3492 avarus,
1038 3416 1167 3476 invidus.

211 3539 246 3597 V.
270 3541 341 3614 240,
363 3556 453 3616 quem
475 3537 509 3596 in
530 3538 615 3597 libris
637 3539 670 3596 in
691 3543 751 3598 tres
773 3538 937 3599 versiones
959 3538 1092 3598 divulsos
1113 3538 1221 3596 habes:

124 3639 166 3715 (in
195 3643 227 3701 Β.
237 3640 255 3719 τ)
300 3642 546 3718 (199999999199
569 3642 686 3718 eligans
707 3642 886 3720 despoliatur

277 3736 417 3806 ¹Latebri
439 3746 570 3806 celarum
591 3738 716 3806 hominii
760 3750 921 3823 eonuptor.

298 3849 430 3910 Blandus
452 3842 637 3927 inopseeletd
679 3850 840 3926 indagator.

123 3988 227 4030 caveas
249 3975 362 4047 oportet
383 3990 422 4031 ne
442 3971 553 4050 triplex
574 3972 861 4032 homoeooatsloeton
883 3992 910 4030 κ.
933 3973 1012 4029 κῶλα
1027 3970 1134 4028 dunas.
1163 3966 1302 4025 Baoohia-

123 4092 173 4133 oos
195 4073 316 4151 quidem
337 4074 521 4136 Ritsohelius
543 4077 711 4136 constituit:

893 4196 933 4205 -
957 4192 997 4200 -
1020 4161 1142 4235 edppm,

124 4264 577 4341 Despdlietor,ldtebrioolam1m
599 4267 753 4327 hdminum
775 4267 966 4342 9991919199,

124 4367 258 4426 delitum
279 4367 441 4445 indagator.

211 4517 237 4583 1)
255 4478 322 4571 haee
339 4519 401 4572 sunt
413 4534 480 4587 quae
498 4535 541 4572 me
553 4519 707 4573 oxomeiant
724 4517 803 4581 uem
822 4514 966 4572 haechaec
977 4513 1123 4583 9199199999,
1141 4510 1301 4577 9999991999,

124 4607 154 4655 ut
180 4602 357 4671 epurmplmru
379 4624 402 4656 κ.
428 4604 590 4669 ornatius
614 4604 765 4672 offerretur,
795 4603 842 4657 sed
866 4602 952 4656 etiam
973 4601 1044 4669 quod
1060 4600 1126 4655 19999
1152 4599 1214 4653 sunt
1236 4614 1301 4665 queo

124 4686 332 4759 displicuerunt.
351 4688 385 4758 ef.
403 4688 434 4742 L.
454 4688 574 4759 Speupel,
591 4688 663 4743 Phil.
682 4688 890 4759 2117119565.
