2858 5010
534 558 798 717 ‘2811—

315 784 373 860 Qui
394 784 549 847 stellarum
571 792 652 847 61166
674 786 818 865 comperit
839 792 929 864 atque
951 786 1056 846 obitas.

315 891 444 952 Pristina
464 896 533 951 vota
554 909 630 951 nouo
651 909 776 953 munere
797 891 936 952 dissolua
960 887 993 969 (l)

192 1011 308 1093 *Eadem
335 1012 448 1071 ratione
479 1011 529 1072 usi
559 1017 629 1072 sunt
662 1012 816 1086 Tibullus,
848 1011 1035 1089 Propertius,
1068 1008 1202 1070 Ovidius.
1246 1013 1290 1070 Ao
1381 990 1384 995 ¹

110 1115 246 1175 Tibullus
267 1115 300 1174 in
321 1116 416 1192 prima
437 1116 535 1192 elegia
555 1114 625 1175 libri
640 1116 736 1194 primi
757 1117 965 1193 homoeptoton
992 1115 1091 1193 posuit
1118 1115 1151 1173 in
1173 1119 1290 1193 septem
1398 1146 1401 1151 ·

109 1218 319 1297 pentametris
348 1223 375 1279 2.
399 1223 449 1279 26.
472 1222 522 1278 42.
552 1222 601 1279 44.
634 1218 682 1279 52.
714 1222 763 1280 68.
787 1223 840 1296 76;
872 1218 936 1295 Ι,2
964 1220 1191 1296 homoeoptoton
1218 1218 1289 1293 duo·
1362 1230 1365 1237 '

109 1323 231 1382 deciens
258 1304 407 1382 adhibuit:
438 1325 466 1383 6.
490 1316 539 1382 20.
562 1325 612 1382 22.
629 1324 691 1382 60.
722 1326 772 1383 42.
795 1325 846 1382 46.
868 1325 915 1383 62.
940 1326 989 1384 68.
1013 1326 1062 1383 78.
1085 1325 1134 1383 82.
1159 1327 1207 1383 92.
1232 1326 1289 1400 94;
1385 1340 1388 1345 ·

108 1426 351 1487 homoeoataleoti
373 1426 431 1485 alia
452 1426 591 1505 exempla
618 1426 652 1485 in
672 1426 728 1485 IH.
752 1425 855 1485 61111.
877 1443 933 1485 ars.
954 1430 1207 1503 pentametrorum
1228 1443 1289 1484 non
1370 1406 1373 1421 ¹

108 1530 310 1589 inveniuntur.
358 1530 447 1607 Apud
478 1530 664 1607 Propertium
692 1533 793 1589 autem
819 1528 844 1603 I,
871 1534 888 1589 1
922 1530 1055 1607 quinque
1084 1530 1289 1605 homoeoptota

109 1633 312 1708 inveniuntur,
338 1637 364 1694 6.
388 1637 416 1694 8.
441 1636 488 1694 12.
514 1637 561 1694 18.
585 1636 633 1694 20.
672 1633 696 1708 I,
713 1637 748 1693 2:
771 1637 908 1710 quattuor
930 1636 958 1693 6.
981 1636 1031 1693 20.
1054 1636 1103 1693 22.
1128 1636 1177 1693 32.
1211 1632 1235 1707 I,
1252 1635 1287 1692 3:
1380 1628 1395 1721 ,¹

108 1743 224 1813 septem
247 1741 274 1797 6.
300 1741 347 1797 12.
372 1740 420 1797 28.
444 1739 493 1796 30.
515 1725 566 1796 42.
589 1739 638 1796 44.
661 1740 719 1798 46;
742 1736 997 1797 homoeoteleuton
1019 1737 1052 1795 in
1073 1737 1169 1814 prima
1190 1740 1220 1795 et
1241 1753 1288 1795 66-
1373 1748 1377 1753 ·

108 1841 206 1899 cunda
227 1841 327 1916 elegia
349 1840 469 1900 omnino
490 1858 551 1899 non
573 1840 691 1917 legitur,
714 1841 746 1898 in
767 1840 855 1900 tertia
878 1841 972 1901 semel
994 1859 1021 1899 1.
1044 1843 1100 1901 40;

313 1960 348 2035 (Ο
371 1961 485 2020 utinam
506 1961 582 2021 tales
603 1961 756 2039 producas,
777 1960 919 2037 1111616116,
941 1957 1064 2037 noctes)
1115 1966 1118 1970 ’

312 2064 362 2125 Me
384 2065 526 2124 miseram
547 2064 648 2141 quales
670 2082 789 2141 semper
810 2064 920 2124 habero
942 2064 1032 2125 iubos.

194 2184 318 2245 Ovidius
340 2184 470 2262 denique
492 2202 581 2243 amor.
604 2185 658 2260 l,1
682 2185 910 2262 homoeoptoton
924 2185 1107 2262 quinquiens
1124 2184 1223 2260 posuit
1240 2147 1287 2244 12.

111 2292 159 2349 18.
183 2292 232 2349 20.
256 2293 306 2349 22.
329 2292 384 2363 28,
415 2288 559 2348 abstinuit
584 2287 820 2347 homoeoteleuto
850 2288 883 2346 in
910 2289 967 2347 hao
987 2288 1096 2365 prima,
1129 2305 1228 2365 neque
1254 2287 1287 2346 in
1335 2330 1338 2335 -

108 2392 176 2452 aliis
197 2411 285 2469 saepe
306 2409 379 2451 usus
401 2397 455 2452 661.

195 2568 223 2624 3.
253 2564 547 2625 Homoeooataleoton
569 2555 655 2622 καθ’
668 2556 777 2633 ὅλους
800 2560 948 2640 στίχους
971 2563 1022 2623 161
1042 2567 1111 2623 ante
1133 2580 1287 2622 caesuram
1316 2638 1319 2647 1

109 2669 159 2728 161
181 2668 213 2727 in
234 2669 294 2726 fine
316 2684 457 2727 versuum
479 2667 655 2726 conlocatur.
755 2680 758 2685 ·
802 2650 805 2663 ’
863 2648 865 2653 ’

193 2789 230 2848 In
251 2790 312 2848 fine
334 2788 439 2865 prioris
460 2788 579 2847 hemist.
600 2806 672 2845 ocra
695 2792 809 2846 solorra.
846 2784 938 2846 Naev.
965 2789 1004 2846 37
1020 2804 1080 2864 sq:

283 2909 415 2986 Seseque
438 2910 467 2968 ei
488 2911 584 2985 peroro
606 2939 647 2948 —-
669 2906 824 2966 mavolunt
844 2906 964 2981 ibidem,

279 3010 379 3095 ‘Quam
400 3014 469 3071 oum
491 3014 593 3087 stupro
615 3010 712 3069 redire
734 3043 775 3051 —
798 3010 835 3069 ad
857 3013 928 3069 suos
949 3009 1115 3088 populares.

194 3133 317 3192 Iombtca'
337 3132 449 3191 6666111
469 3131 673 3206 monosyllaba
694 3135 724 3190 et
744 3131 900 3206 trisyllaba
921 3131 954 3190 in
969 3132 1030 3191 fine
1046 3131 1163 3190 habent.
1185 3129 1287 3189 Mono-

109 3237 224 3312 syllaba
244 3236 353 3296 Pseud.
375 3239 448 3296 811.
474 3239 521 3295 12.
546 3236 599 3294 13;

264 3355 322 3429 Qui
343 3356 419 3414 mihi
440 3355 558 3415 condita
579 3356 663 3431 prata
683 3353 717 3412 in
738 3353 848 3430 patinis
870 3354 1031 3431 proferant,

262 3460 359 3519 86166
381 3460 434 3536 qui
455 3458 595 3518 convivas
616 3457 734 3532 faciant,
756 3457 921 3535 herbasque
943 3461 1097 3534 oggerum,

261 3562 320 3623 llas
341 3564 448 3622 herbas
470 3561 569 3621 herbis
591 3560 658 3620 aliis
680 3578 766 3637 porro
788 3561 939 3620 condiunt.

195 3683 368 3759 Trisyllaha.
390 3682 497 3744 Pseud.
515 3685 563 3743 67.
580 3685 635 3760 68;
658 3684 729 3741 805.
748 3684 824 3758 806;
848 3681 956 3740 Ρ66111.
977 3684 1013 3739 11.
1037 3684 1108 3742 313.
1133 3684 1186 3758 145
1209 3679 1287 3739 Enn.

109 3793 144 3847 tr.
168 3792 217 3848 92.
241 3790 280 3847 93
312 3785 380 3864 (hoc
401 3806 470 3847 cnm
490 3786 644 3864 polyptoto
666 3807 694 3844 κ.
717 3778 779 3862 ἆρχ.
802 3786 860 3843 τῶν
882 3778 994 3862 κώλων)
1023 3802 1062 3844 ex
1088 3768 1287 3843 inamati.

112 3894 172 3952 133
195 3909 273 3969 sqq:

263 3993 387 4054 Teneris
408 3993 526 4053 labellis
547 3992 654 4058 molles
675 3991 902 4064 morsidooaloa,

262 4097 443 4175 Papillauun
464 4096 683 4156 horridularum
705 4094 973 4172 oppresatatrwalae.

261 4200 357 4261 Nemo
378 4200 464 4260 illum
486 4201 609 4277 quaerit,
631 4198 683 4279 qui
705 4202 852 4276 optumus,
875 4202 1089 4258 carissumus:

262 4304 354 4364 Illum
376 4304 545 4365 conducunt
566 4305 665 4381 potius
687 4305 739 4382 qui
761 4305 959 4363 villosomasl.

264 4407 345 4481 Quae
367 4408 514 4468 desiderio
537 4408 699 4482 alumnum,
721 4407 921 4485 paenllttola'aa

265 4512 374 4590 Squale
395 4513 564 4589 scabraque,
585 4512 698 4571 inculta
719 4511 906 4571 vastitadr'aa

262 4615 421 4677 Hectorem
444 4634 535 4677 curru
556 4614 738 4697 quadriiugo
758 4614 924 4695 raptorem,
1112 4703 1136 4745 Q
