2858 5010
650 276 958 361 -14-'

158 473 311 533 invenitur
332 473 365 531 in
386 473 461 532 rhet.
494 473 532 531 ad
555 474 643 534 Alex.
666 475 682 544 ξ
705 477 761 547 28,
788 490 817 550 p.
842 475 912 533 213.
934 471 984 549 Sp.
1007 472 1094 532 ouius
1115 473 1347 549 Anaximenem,

161 575 332 636 Aristotelis
360 575 529 653 aequalem,
562 582 712 636 auctorem
740 575 833 635 fuisse
860 593 942 635 nuno
974 576 1054 635 inter
1086 594 1191 637 omnes
1223 582 1349 637 oonstat.

101 732 104 737 .
162 679 362 753 ,Parhomoeo'
385 696 455 738 vero
477 696 535 756 quo
551 678 712 754 Charisius,
734 679 905 755 Diomedes,
927 678 979 737 alii
994 684 1127 754 utuntur,
1148 698 1210 739 una
1231 685 1350 740 tantum
1402 690 1407 701 ·

160 800 383 859 paromoeoseos
404 782 478 841 ratio
505 782 706 858 signifioatm,
734 781 935 861 πορομοίωσις
960 803 987 842 κ.
1010 775 1074 860 ἇρχ.
1099 784 1156 842 τῶν
1179 776 1346 861 ὀνομάτων,

160 886 240 963 quod
261 878 457 964 ὃμοιόαροτον
480 884 597 945 dieitur.
641 886 687 944 Ab
709 885 868 946 Aristotele
890 884 1006 945 scilieet
1032 885 1104 944 artis
1126 903 1238 946 nomen
1259 887 1348 946 nobis

160 988 356 1066 repetendum
378 993 432 1063 est,
453 1006 633 1067 quamquam
655 988 735 1066 apud
757 1006 826 1048 eum
847 992 927 1048 totns
942 1006 1015 1048 usus
1029 1006 1091 1049 non
1105 993 1166 1047 tam
1180 989 1240 1050 late
1255 994 1347 1066 patet,

160 1109 250 1169 quam
271 1091 351 1169 apud
373 1090 602 1168 Hermogenem
635 1091 791 1152 Profectus
812 1097 911 1152 autem
932 1093 969 1152 ab
991 1092 1155 1153 Aristotele
1177 1090 1347 1171 etHermo-

160 1212 238 1271 gene
260 1190 483 1272 paromoeoseos
506 1195 641 1272 singrrlas
662 1194 792 1255 rationes
820 1195 864 1255 eis
887 1194 1048 1272 supplebo,
1077 1213 1153 1273 quae
1173 1196 1252 1272 apud
1274 1195 1346 1255 Cor-

158 1298 301 1372 nificiam,
324 1296 550 1373 Quintilianum,
572 1298 751 1376 posteriores
773 1298 924 1359 Romanos
947 1279 1134 1375 &raeoosque
1155 1299 1267 1358 inveni.

245 1400 471 1461 Paromoeoseos
485 1401 578 1477 igitur
592 1402 650 1461 duo
668 1406 739 1461 sunt
752 1419 877 1478 genera:
899 1400 1103 1480 παρομοίοσις
1125 1397 1218 1460 κατὰ
1232 1399 1344 1480 μέρος

59 1548 63 1555 ,
159 1498 271 1585 λόγου
293 1504 548 1584 θ1ποιρομοίωσις
570 1500 661 1563 κατὰ
684 1508 796 1577 κῶλα,
818 1536 859 1545 -
880 1504 923 1564 10.
939 1503 997 1566 Sic.
1018 1505 1110 1574 schol.
1131 1505 1170 1564 ad
1188 1504 1290 1566 Herm.
1312 1527 1343 1564 π.

160 1605 199 1668 lo.
222 1601 385 1685 ot'.V1,p.
408 1611 480 1683 328,
502 1612 532 1669 8.
555 1607 616 1683 W.,
646 1607 746 1686 ,Διττὴ
769 1601 788 1685 ἡ
811 1629 841 1666 π.
871 1603 947 1666 κατὰ
969 1602 1063 1668 κῶλᾶν
1086 1605 1138 1667 καὶ
1160 1605 1234 1667 κατὰ
1256 1606 1345 1688 μέρος

158 1704 323 1790 16μοο’,-
344 1716 434 1790 atque
454 1716 615 1789 utrumque
638 1729 735 1788 genus
757 1711 790 1770 in
811 1710 945 1771 diversas
966 1711 1095 1783 rationes
1116 1712 1267 1771 dividitur.

244 1816 343 1893 Atque
370 1833 593 1892 paromoeoseos
630 1810 704 1873 κατὰ
734 1811 822 1894 μέρος
850 1807 939 1894 λόγου
969 1815 1086 1893 speeies
1117 1816 1211 1875 altera
1237 1820 1283 1875 est
1311 1837 1340 1872 π.

160 1910 219 1977 κατ’
246 1908 340 1999 ἀρχὴν
355 1920 413 1976 τῶν
428 1911 593 1996 ὀνομάτων,
616 1911 642 1992 ,ὁ
665 1914 716 1976 καὶ
738 1910 990 1997 ὁμοιύοιρκτον
1012 1915 1142 1998 styriae,
1165 1918 1243 1977 Max.
1258 1919 1295 1976 Pl
1336 1964 1343 1976 .

162 2018 253 2081 sohol.
275 2021 314 2080 ad
335 2021 437 2081 Herm.
451 2043 482 2081 π.
506 2021 543 2081 ii.
557 2014 598 2080 μ’.
615 2020 653 2095 V,
676 2040 704 2098 p.
721 2023 792 2096 511,
804 2024 832 2081 4.
848 2020 895 2079 W.
918 2026 950 2081 et
970 2039 1057 2080 anon.
1080 2022 1171 2083 schol.
1192 2021 1230 2081 eal
1253 2022 1341 2082 eund.

158 2124 228 2200 VH,
246 2128 337 2200 1032,
354 2127 403 2185 15.
417 2122 489 2202 W.1)
512 2124 719 2185 Homoeoeroti
734 2125 907 2201 exemplum
921 2130 953 2185 et
968 2125 1174 2201 Hermogenes
1196 2145 1225 2203 p.
1237 2129 1310 2201 284,
1323 2129 1341 2186 3

160 2233 191 2287 et
212 2227 388 2288 scholiastae
410 2229 431 2287 l.
452 2229 472 2287 l.
501 2234 532 2289 et
553 2228 690 2289 Tiberius
717 2246 746 2305 p.
768 2228 841 2304 561,
863 2230 912 2289 15.
933 2228 981 2289 W.
1009 2229 1066 2288 hoo
1087 2228 1343 2290 Demostheneum

158 2336 275 2408 ponunt
296 2329 428 2407 01.1,1:
451 2325 508 2406 ,ὅτε
530 2330 742 2393 colonomon
765 2325 858 2403 οὕτως
880 2329 951 2409 ἔχει,
974 2320 1135 2411 προςήοίει
1157 2327 1342 2413 προθύμως

159 2431 300 2513 (ἐθέλειν)
317 2479 343 2491 ..
360 2435 376 2495 .’
419 2435 488 2495 Alio
510 2434 648 2512 exemplo
669 2435 826 2495 11111110.
848 2434 906 2495 Sic.
929 2454 959 2514 p.
974 2438 1045 2511 328,
1062 2439 1097 2496 9;
1119 2435 1231 2512 ,δελφὶς
1254 2429 1340 2495 ἂνα-

159 2540 262 2612 φοσῶν
285 2535 336 2596 καὶ
352 2531 606 2616 ostentator.
634 2539 680 2599 De
693 2538 892 2599 homoeoaroti
906 2556 964 2598 usu
975 2540 1180 2600 Anaximenes
1194 2540 1341 2616 cogitasse

157 2640 285 2718 videtur,
306 2659 376 2702 cum
397 2641 436 2702 de
457 2642 641 2721 paromoeosi
662 2642 721 2702 Rh.
741 2642 779 2701 ad
793 2643 881 2702 Alex.
904 2643 920 2714 §
937 2645 988 2718 28,
1009 2662 1038 2720 p.
1051 2648 1123 2704 213.
1139 2643 1187 2722 Sp.
1211 2642 1341 2703 monuit:

157 2738 322 2821 ,μάλιστα
351 2740 384 2804 δὲ
412 2750 495 2805 ποιεῖ
520 2738 608 2823 ὅμοιοι
635 2737 671 2804 τὰ
696 2749 847 2805 τελευταῖοι
874 2747 931 2804 τῶν
960 2738 1130 2825 ὀνομάτων,
1166 2748 1274 2825 qmbus
1302 2764 1342 2805 ex

157 2849 256 2908 verbis
278 2848 357 2908 nihil
377 2848 460 2908 aliud
481 2849 619 2925 efficitur,
640 2854 729 2927 atque
743 2850 1002 2909 homoeoteleuton
1016 2850 1155 2911 usitatius
1169 2855 1233 2910 tum
1247 2849 1340 2910 fuisse

157 2971 246 3031 quarn
259 2953 500 3041 ¹homoeoaroton.
535 2953 740 3014 Anaximenes
755 2959 854 3013 autem
868 2952 1008 3030 quoniam
1029 2955 1118 3031 paulo
1139 2953 1241 3013 torius
1255 2953 1342 3012 initia

156 3056 314 3116 verborum
337 3056 475 3117 similiter
496 3057 647 3118 efferenda
661 3074 728 3117 esse
747 3057 910 3133 intellexit,
937 3057 1128 3134 singulariter
1153 3058 1191 3117 de
1213 3058 1269 3117 hoo
1283 3074 1341 3116 usu

158 3177 322 3220 memorare
344 3160 449 3221 noluit.
477 3160 640 3221 Memoravi
663 3179 753 3238 supra
772 3160 952 3239 posteriores
973 3161 1173 3222 Romanormn
1195 3179 1341 3237 gramma·

157 3263 231 3323 tioos
254 3264 470 3342 ,parhomoeon’
493 3265 527 3324 in
549 3265 675 3324 eandem
690 3265 869 3325 sententiam
891 3265 1041 3342 aooepisse
1062 3270 1150 3342 atoue
1167 3264 1340 3324 scholiastes

156 3368 357 3444 Hermogenis
372 3361 577 3446 ὁμοιόορκτον.
600 3368 754 3429 Chsxisius
768 3370 891 3446 quidem
904 3387 932 3446 p.
946 3373 1017 3443 282,
1035 3368 1105 3429 7.Κ.
1121 3369 1339 3447 ,parhomoeon'

157 3489 222 3532 esse
245 3476 397 3546 memorat,
418 3490 497 3546 ,oum
518 3473 610 3532 verba
630 3472 731 3533 omnia
752 3472 891 3533 similiter
912 3471 1078 3547 inoipiunt',
1109 3472 1340 3550 exemplumque

156 3575 269 3652 profert
290 3594 330 3636 ex
351 3574 444 3637 Hrnii
464 3576 640 3636 annalibus:

362 3694 387 3756 Ο
410 3697 477 3757 Tite
498 3701 564 3759 tute
587 3696 661 3772 Tati,
683 3697 737 3757 tibi
759 3702 841 3757 tanta
861 3703 991 3774 tyranne
1013 3697 1126 3757 tulisti.

156 3816 254 3894 Atque
270 3817 376 3877 eodem
391 3817 531 3895 exemplo
542 3817 759 3895 ,parhomoeon'
773 3818 935 3877 inlustrant
948 3818 1083 3878 Donatus
1101 3837 1132 3896 p.
1149 3821 1221 3893 398,
1237 3820 1286 3876 20.
1302 3816 1338 3876 Κ.

156 3925 186 3979 et
207 3920 367 3998 Pompeius
388 3939 417 3998 p.
434 3923 506 3995 303,
523 3924 573 3981 28.
589 3922 632 3993 Κ,
669 3922 831 3987 Diomedes
851 3925 952 3982 autem
973 3939 1002 3999 p.
1025 3925 1098 3997 466,
1120 3924 1161 3981 30
1183 3921 1242 3980 duo
1264 3939 1339 3999 ,par-

243 4054 268 4120 1)
287 4051 339 4118 Qui
357 4050 526 4122 scholiastae,
550 4069 663 4121 qnorum
680 4053 747 4109 alter
763 4053 877 4110 alterum
895 4053 1039 4122 exoerpsit,
1065 4069 1117 4122 qua
1139 4053 1224 4107 aetate
1241 4052 1348 4107 tuerint,

156 4139 281 4191 constitui
297 4154 350 4192 non
367 4141 454 4207 potest
471 4139 529 4208 (sed
546 4138 697 4195 Maximum
713 4139 874 4210 Planudem,
896 4144 928 4195 ut
952 4143 993 4196 est
1016 4122 1096 4209 apud*
1104 4138 1240 4195 Walzium
1257 4142 1337 4208 praet.

155 4223 298 4372 &diff
317 4225 466 4294 ,antiquum
477 4242 536 4281 esse
547 4228 679 4284 testantur
691 4228 796 4283 oodioes
807 4228 923 4305 l’arisini
937 4232 1012 4291 1983,
1030 4232 1097 4281 2971
1117 4225 1221 4281 soeculo
1234 4227 1338 4281 decimo

135 4319 212 4369 serap
238 4307 247 4357 ἰ
