2858 5010
607 679 817 742 ..73-

330 850 376 911 Ne
399 853 487 926 colos,
510 872 548 913 ne
570 855 677 913 inbuas
700 852 754 931 [eis
775 850 870 930 tuum]
894 854 1057 930 ingenium.
1069 851 1091 930 1)

330 956 442 1032 Regios
463 957 564 1034 copias
586 960 749 1036 aureusque
771 955 872 1016 obuli.

331 1059 459 1120 Conloeo
481 1061 571 1121 finnio
593 1061 695 1121 mollio
718 1057 881 1138 [blandiorl

329 1162 392 1222 Vos
413 1181 479 1223 amo
501 1168 554 1224 vos
576 1166 642 1224 volo
665 1169 718 1225 vos
740 1170 808 1243 peto
829 1168 918 1241 atque
939 1165 1068 1224 obsecro.

328 1264 394 1326 Neo
415 1267 480 1326 cibo
502 1270 560 1327 neo
580 1269 644 1328 loeo
666 1271 744 1328 tecta
765 1285 823 1345 quo
845 1269 903 1327 sim
925 1267 993 1327 seio.

211 1385 325 1446 Versus
347 1388 512 1447 hexametri
526 1388 730 1465 monosyllaba
751 1389 863 1448 habent
883 1387 916 1446 in
931 1388 1046 1448 arsibus
1061 1389 1192 1448 caesuris
1213 1356 1302 1448 semi-

125 1489 275 1566 qiunariae
297 1495 326 1550 et
348 1491 609 1568 semiseptenariae
632 1492 768 1552 finitimis
790 1491 867 1551 Eun.
888 1509 957 1551 ann.
981 1495 1060 1552 243:

344 1611 475 1672 Consilio
497 1613 569 1701 intiu
590 1613 651 1674 foro
673 1614 732 1673 lato
755 1616 916 1690 sanctoque
939 1616 1082 1672 senatum.

209 1716 360 1826 rapta
370 1750 403 1809 n
413 1750 572 1812 trochaicis
583 1752 717 1812 versibus
728 1752 765 1811 ab
776 1750 862 1811 initio
875 1752 1040 1811 efferunun
1052 1751 1122 1811 sat.
1134 1770 1207 1811 eom.
1223 1753 1300 1812 150:

194 1863 248 1929 ‘Ita
269 1870 411 1947 plorando
433 1871 544 1932 oruata
565 1857 703 1932 instando
724 1877 813 1950 atque
836 1864 1018 1948 obiurgando
1039 1890 1087 1932 me
1109 1872 1232 1931 obtudit.

208 1991 245 2050 In
267 1991 432 2052 baoohiaois
459 1993 650 2053 tettrametris
682 1994 757 2054 haec
786 1993 835 2054 vel
868 1993 900 2052 in
926 1993 982 2053 IH.
1004 1993 1056 2053 IV.
1085 1993 1162 2070 pede
1190 1996 1301 2067 extant,

123 2094 230 2170 Amph.
254 2096 330 2156 651:

348 2216 386 2275 nt
406 2216 503 2293 patria
519 2221 555 2295 et
576 2217 713 2295 prognati
734 2220 872 2276 tuto‘satar
893 2219 1059 2278 servantur.

122 2335 172 2394 vel
194 2335 227 2394 in
249 2336 272 2394 I.
295 2336 350 2395 Π.;
373 2336 462 2396 Poen.
484 2337 508 2411 I,
532 2340 559 2396 2.
584 2339 631 2395 19.
656 2339 704 2396 10.
727 2333 815 2413 (11.):

364 2455 524 2531 Ornotatar,
545 2457 693 2532 lavctntar,
714 2460 877 2533 tergentur,
899 2456 1058 2534 poliuntur.

363 2560 473 2619 Lavatri
495 2565 545 2619 aut
566 2560 670 2620 frianti
692 2565 744 2621 aut
763 2559 883 2637 tergeri,
905 2564 956 2620 aut
977 2561 1084 2637 orntri,

365 2662 469 2738 (Polin'
492 2663 627 2741 expoliri,
649 2665 735 2741 pingi
756 2663 847 2741 fingi:
870 2669 901 2724 et
923 2660 1001 2736 una.)

208 2801 357 2861 Versuum
379 2802 615 2863 hexametrorum
642 2801 675 2861 in
697 2801 750 2860 IV.
772 2801 809 2868 V.
831 2803 884 2861 VI.
914 2822 969 2862 ars.
997 2802 1093 2863 Lucil.
1116 2803 1218 2877 XXX,
1242 2807 1298 2864 39:

307 2922 370 2982 Nos
392 2941 458 2983 esse
479 2925 636 3000 arquatos?
657 2941 825 2998 surgamus,
848 2940 962 2998 eomas,
984 2942 1117 3000 agemus.

123 3043 156 3101 in
177 3043 213 3101 V.
237 3043 289 3102 VI.
312 3043 398 3103 Luor.
421 3043 477 3117 III,
500 3045 579 3119 4613
601 3041 654 3116 IV,
680 3045 776 3102 1012:

251 3163 301 3223 Sie
322 3164 453 3223 animum
475 3181 561 3223 ouras
582 3163 659 3223 acn's
680 3163 861 3240 luotamth,
883 3169 1060 3240 mettmtqaa.

249 3267 366 3342 Magna,
387 3267 490 3326 itidem
513 3285 602 3344 saepe
624 3267 657 3325 in
679 3267 791 3326 somnis
812 3267 981 3343 faciuntque
1002 3273 1173 3345 gerantque.

125 3388 157 3446 in
180 3387 232 3446 IV.
256 3387 306 3446 VI.
330 3387 406 3445 Eun.
422 3406 490 3446 ann.
509 3391 568 3448 107
592 3386 708 3463 (versus
722 3407 741 3447 a
756 3388 841 3448 Char.
863 3406 891 3465 p.
908 3391 979 3463 282,
997 3391 1051 3464 1a;
1073 3386 1168 3446 Diom.
1184 3404 1211 3462 p.
1228 3388 1306 3459 447,

125 3494 179 3567 123
201 3490 275 3549 Don.
298 3510 325 3567 p.
350 3493 420 3565 398,
444 3493 499 3568 243
522 3490 623 3570 Pomp.
646 3512 674 3569 p.
698 3495 769 3568 304,
794 3497 821 3566 1,
842 3487 1006 3568 laudatusl:

325 3611 492 3672 Maerentes
514 3613 829 3673 flentes‘laorimontas
850 3611 1088 3672 oonmiserantos.

210 3748 404 3825 utsytuaum
425 3750 712 3811 homoeooataleoton
734 3751 858 3810 Plautus
879 3750 913 3809 in
935 3747 1089 3810 Aulularia
1115 3745 1299 3808 continuavit

120 3857 174 3911 aot.
197 3851 259 3926 HI,
282 3871 321 3912 so.
345 3856 377 3927 5,
401 3855 440 3914 35
457 3872 520 3931 sqq.
564 3854 743 3932 Plentmque
771 3858 869 3913 autem
891 3854 980 3913 verba
1006 3853 1039 3912 in
1066 3852 1138 3910 -arii
1160 3851 1299 3910 desinen-

120 3956 161 4014 tia
183 3956 215 4015 in
237 3958 297 4016 fine
319 3957 512 4016 iambioorum
534 3958 715 4018 senariorum
737 3958 888 4017 conlocata
909 3962 980 4016 sunt
1008 3955 1184 4033 aliquotiens
1212 3956 1299 4013 tertia

121 4060 171 4118 vel
193 4060 288 4136 prima
310 4060 424 4120 arsibus
446 4061 625 4139 adsumptis:
655 4062 746 4122 semel
769 4079 838 4121 vero
866 4078 969 4120 omnes
995 4077 1078 4120 arses
1100 4060 1298 4118 homoeocata·

119 4163 196 4223 leoto
218 4169 398 4241 occupantur
419 4156 446 4223 'u
471 4165 549 4225 510:

454 4284 636 4359 anmtrtt,
657 4284 787 4360 violarit,
809 4284 961 4346 oarinoirt'i.

188 4517 233 4584 -1)
253 4516 300 4571 Sto
329 4517 495 4574 Ritsoltalt'us
522 4518 555 4572 ira
577 4518 673 4587 priore
698 4519 735 4572 ed.
764 4518 852 4582 linit,
882 4517 1008 4572 sectandis
1038 4516 1114 4571 euris
1142 4517 1300 4570 trimetrum

120 4602 241 4656 restituit
258 4621 291 4658 ne
309 4604 380 4660 colas
398 4605 469 4674 quod
484 4623 498 4658 a
512 4605 674 4675 ploasemott
691 4609 781 4661 asserti
798 4604 902 4660 uuus.
