2858 5010
606 254 817 318 ..5ss-

121 434 165 491 Ac
193 431 273 491 Trin.
299 434 392 505 1035,
416 436 456 491 36
501 431 667 492 Charmidis
694 450 836 509 responsa
865 432 897 491 in
926 432 1061 493 clausula
1086 433 1185 511 posita
1218 437 1309 495 sunt:

121 534 234 595 Morem
256 537 423 612 inprobum,
446 536 582 612 diseccata
604 536 732 613 quidem.
778 536 936 595 Praeterea
957 540 1071 613 specta,
1093 555 1185 614 quem
1208 536 1309 598 chiae·

120 657 202 698 minu
221 639 346 699 Plautus
368 645 546 701 consecutus
568 640 607 699 sit
627 639 713 700 Most.
731 642 811 701 603:
835 638 916 699 Cedo
932 639 1047 715 faenus,
1067 639 1159 701 redde
1181 640 1308 719 saccus,

123 744 229 803 faenus
249 740 401 818 redditast)

208 897 255 958 Ex
277 899 382 957 harnm
402 897 495 974 igitur
508 897 619 957 areium
634 899 777 975 gravitate
799 898 871 958 licet
892 898 1098 973 homoeoamti,
1119 898 1147 958 si
1167 916 1231 959 uon
1252 900 1307 961 tri-

120 1002 217 1079 plicis,
239 1005 270 1060 at
291 1001 419 1078 duplicis
434 1020 522 1061 usum
536 1006 680 1078 repetere.
710 1002 785 1061 Cum
799 1003 879 1062 enim
894 1006 998 1079 poetae
1011 1002 1170 1079 praecipue
1181 1020 1306 1080 operam

120 1104 233 1180 darent,
255 1110 289 1163 ut
310 1105 428 1164 tertiam
450 1102 625 1183 (quintam),
653 1105 777 1180 deinde,
800 1111 833 1164 ut
854 1104 988 1183 quintam
1010 1102 1189 1182 (septimam)
1211 1107 1306 1166 araim

120 1210 323 1269 homoeoareto
339 1208 567 1285 distinguerent,
582 1227 708 1286 cumque
721 1208 883 1283 studerent,
905 1214 939 1268 ut
952 1208 1170 1284 vocabulorum,
1191 1210 1305 1287 quibus

120 1313 344 1372 homoeoarcton
366 1312 459 1386 fieret,
481 1313 608 1372 aiterum
622 1313 659 1371 ab
674 1313 775 1386 sitem,
797 1317 941 1390 quantum
954 1313 1019 1372 fieri
1033 1317 1142 1389 posset,
1164 1312 1305 1389 proxime

120 1417 251 1490 abesset,
279 1416 389 1475 factum
412 1420 472 1490 est,
502 1420 535 1475 nt
564 1416 693 1476 marrime
722 1416 809 1476 tertie
831 1420 862 1475 et
884 1420 987 1493 quarta
1009 1412 1123 1492 (quinta
1144 1420 1175 1475 et
1196 1412 1305 1494 sexta),

121 1520 210 1596 paulo
232 1519 327 1579 rarius
349 1523 452 1596 quarta
474 1524 504 1579 ot
526 1519 630 1596 quinta
651 1517 749 1596 (sexta
770 1524 801 1578 et
816 1516 953 1596 septima)
973 1536 1054 1579 arses
1076 1524 1304 1596 exornarentur,

123 1621 302 1699 tertiumque
332 1623 431 1681 locinn
460 1623 588 1682 babeant
616 1623 832 1697 homoeoarcta,
861 1641 937 1699 quae
966 1622 999 1681 in
1025 1622 1112 1682 tertia
1138 1627 1170 1681 et
1196 1622 1306 1700 quinta

124 1723 239 1802 (quinta
261 1729 291 1784 et
313 1723 448 1802 septima)
469 1718 583 1785 arsibus
599 1726 752 1786 conlocata
767 1730 845 1785 simt.
883 1724 947 1799 Qua
961 1726 994 1784 in
1008 1744 1041 1785 re
1057 1725 1194 1802 conspice
1208 1744 1305 1803 quan-

125 1832 190 1886 tum
211 1828 304 1887 forma
325 1829 482 1888 verborum
503 1829 637 1888 valuerit.
680 1829 757 1888 Nam
779 1829 886 1907 poetis,
914 1834 946 1888 nt
966 1829 1159 1906 posteriorem
1184 1834 1304 1905 partem

125 1931 317 1991 iambicorom
350 1932 532 1992 senariorum
568 1933 782 1992 octonariorum
814 1933 1085 2009 trochaicorumque
1117 1933 1305 2009 ‘septenario-

125 2052 192 2093 rum
211 2029 215 2112 Ι
235 2047 283 2092 ιο
296 2076 310 2084 -
322 2049 346 2085 2
365 2030 369 2114 Ι
390 2049 436 2091 re
446 2077 465 2085 -
481 2037 685 2095 homoeoarcto
700 2037 927 2112 distinguerent,
942 2036 1014 2095 adeo
1029 2053 1104 2113 opus
1118 2034 1175 2094 fnit
1188 2035 1303 2098 formae
1318 2022 1324 2045 ’

124 2139 282 2198 vorborum
303 2139 446 2198 rationem
468 2140 584 2212 habere,
607 2144 640 2198 ut
661 2139 884 2199 homoeoarcton
906 2140 939 2198 in
953 2139 1009 2198 ΙΠ.
1024 2138 1077 2197 IV.
1093 2138 1141 2215 (V.
1156 2134 1221 2213 VI.)
1243 2158 1303 2200 ars.

125 2243 277 2303 conlocare
299 2261 359 2302 non
374 2248 502 2319 possent,
523 2241 584 2300 nisi
604 2242 729 2302 alterum
744 2243 920 2303 vocabidum
934 2243 1113 2319 bisyliabum
1133 2242 1184 2301 vel
1197 2242 1303 2319 trisyl-

124 2388 225 2449 labum
246 2390 302 2450 hae
323 2390 416 2450 forma
437 2396 513 2451 erat:
543 2352 638 2484 ξιξ,
665 2390 793 2451 aarum
819 2391 1000 2467 myserium
1028 2389 1079 2449 vei
1110 2387 1304 2465 trisyllabum

123 2620 174 2681 vel
194 2621 479 2700 hypertrisyilabum
500 2625 557 2685 hae
579 2578 657 2692 ξ,ξέ
683 2598 747 2681 22¹.
763 2655 832 2684 υ-.
883 2620 1026 2695 Quotiens
1053 2625 1152 2682 autem
1179 2620 1232 2681 IV.
1263 2623 1302 2684 V.

582 2738 656 2767 ..w
742 2736 747 2748 ·

125 2808 189 2886 (VI.
211 2806 291 2887 VH.)
319 2830 376 2871 ars.
404 2830 523 2889 operam
552 2815 674 2888 dabant,
703 2814 896 2874 vehementer
922 2813 1093 2893 studebant,
1126 2824 1173 2893 ut,
1206 2820 1304 2882 altero

124 2913 266 2973 vocabulo
287 2914 434 2989 bisyllabo
456 2917 505 2976 vel
526 2918 681 2992 msyuabo
703 2936 769 2978 eam
791 2936 879 2995 qiiam
894 2919 1055 2997 conscripsi
1076 2921 1200 2982 formam
1215 2942 1304 3001 prae-

125 3018 231 3091 bente,
260 3017 387 3076 alterum
416 3021 557 3079 creticum
584 3027 769 3099 exaequaret.
813 3021 890 3080 Nam
915 3041 933 3081 a
953 3018 1171 3101 monosyllabis*
1186 3026 1219 3085 in
1240 3029 1305 3090 fine

123 3125 225 3198 poetas
241 3120 328 3181 valde
347 3123 503 3184 abhorrere
516 3124 612 3199 video,
634 3129 722 3202 atque
736 3125 932 3185 homoeoarcti
947 3128 1092 3205 exempla,
1114 3147 1189 3207 quae
1203 3147 1302 3210 usque

211 3287 236 3354 1)
255 3286 325 3340 Hinc
342 3286 449 3356 apparet
466 3302 547 3358 quam
563 3307 699 3360 perperam
712 3291 856 3359 Geppertus
874 3290 972 3361 aliique
990 3294 1119 3349 secundae
1136 3294 1302 3365 singuianrm

123 3372 289 3440 dipodiamm
307 3389 378 3427 arses
395 3376 445 3428 sub
463 3376 519 3430 ictu
536 3377 679 3446 posuerint.
716 3377 792 3444 Quod
810 3395 870 3432 cum
888 3394 919 3432 eo
936 3380 1097 3449 prohibetur,
1117 3380 1187 3450 quod
1205 3381 1303 3438 breves

123 3459 270 3527 (ancipites)
288 3459 404 3528 syllabas
421 3461 449 3513 in
467 3462 516 3516 fine
534 3464 613 3519 iamb.
631 3480 714 3519 senar.
733 3467 816 3519 cotan.
835 3465 917 3520 troch.
937 3469 1002 3535 sept.
1021 3467 1065 3521 vel
1082 3470 1143 3523 ante
1160 3483 1300 3525 caestuum

122 3545 200 3599 iamb.
219 3547 285 3613 sept.
304 3547 402 3611 maiore
420 3552 531 3602 accentu
548 3551 715 3619 pronunciari
732 3551 794 3605 ferri
811 3567 863 3605 non
880 3554 978 3621 potest,
1003 3554 1060 3608 tum
1078 3570 1111 3608 ne
1128 3555 1249 3624 utiquam
1268 3557 1302 3612 de

121 3630 169 3685 tali
187 3631 361 3700 descriptione
380 3634 487 3705 cogitari
506 3637 603 3703 potest:
621 3636 689 3691 'ibin
709 3642 785 3707 1036,
803 3643 844 3692 37.
865 3637 958 3706 Gepp.:

223 3735 304 3791 Scuta
321 3737 406 3792 iacere
423 3739 567 3808 fugereque
584 3739 668 3795 hostis
685 3756 758 3794 more
775 3740 872 3797 habent
889 3741 1030 3798 lioeufidm.

222 3821 316 3877 Petere
333 3823 458 3877 honorem
475 3841 522 3893 pro
539 3824 639 3895 flagitio
656 3842 728 3881 moro
746 3828 784 3881 fit.
803 3858 837 3866 -
854 3826 955 3882 Morem
972 3830 1120 3899 inprobum.

121 3924 190 3979 Nam
211 3941 263 3979 non
286 3927 356 3995 quod
378 3927 483 3981 omnino
504 3928 577 3996 ficut
599 3929 661 3984 talia
682 3930 811 3998 facinora,
833 3930 963 3987 Stasimus
986 3949 1063 4004 aegre
1089 3933 1152 4001 fert;
1178 3934 1300 4003 ineptum

121 4011 229 4080 quidem
250 4015 290 4067 est
307 4014 334 4066 et
350 4014 473 4082 putidum
490 4030 533 4084 ea,
557 4031 625 4084 quae
647 4017 769 4071 omnibus
792 4018 953 4086 temporibus
975 4035 992 4074 a
1010 4019 1168 4088 quibusdam
1191 4023 1301 4088 peccata

122 4099 190 4167 sunt,
207 4114 293 4166 neque
311 4115 437 4168 umquam
458 4116 511 4154 non
528 4101 719 4172 peccabuntur,
741 4106 771 4158 ut
788 4105 877 4159 hostes
894 4103 997 4173 sugere,
1021 4106 1132 4159 verbose
1149 4105 1300 4175 lamentam

123 4184 170 4237 sed
188 4186 259 4252 quod
275 4186 392 4253 pessima
408 4185 509 4242 scelera
525 4190 582 4241 tum
601 4205 674 4242 more
691 4189 762 4260 fiant,
780 4191 809 4245 in
826 4189 914 4245 dolore
932 4191 980 4244 est.
1010 4192 1123 4246 Accedit
1139 4192 1208 4261 quod
1225 4194 1301 4247 testi-

125 4270 214 4324 monia
231 4269 327 4339 quibus
337 4270 482 4340 Gepportcs
499 4273 595 4343 aliique
607 4275 728 4329 nituntur
739 4277 772 4331 ad
784 4277 911 4333 iambicos
922 4277 1037 4331 senarios
1048 4279 1151 4334 tantum
1161 4278 1301 4348 pertinent.
