2858 5010
590 320 630 328 -
678 284 738 347 108
783 320 823 327 --

528 461 630 519 Bonus
651 459 691 518 sit
712 459 807 533 bonis,
834 472 1020 587 qlisoeolon]

528 563 625 623 Malr'rs
648 563 688 622 sit
709 563 805 637 malie,
837 560 846 635 t
1003 556 1008 567 '

345 672 385 730 Ut
407 672 610 747 quaecumque
633 669 681 725 res
704 672 757 741 est,
779 667 820 725 ita
841 666 974 724 animum
995 666 1231 742 habentesque.

120 777 169 835 25.
424 772 661 831 Sedlubotscire
674 772 1005 847 qnantumatuumorus
1016 766 1087 828 sibit
1111 760 1276 848 [hOffiqfflPl

426 875 563 951 Ildmpsit
585 874 708 951 etquid
730 892 783 933 suo
803 872 935 933 reddidit
950 872 1048 949 patri.
1076 830 1092 981 ξ
1113 833 1282 986 Μὲᾍ

202 984 272 1040 665.
428 978 459 1039 Si
482 977 1036 1055 71117777,Ηὸ7711171117777717777
1078 982 1093 1053 t
1127 1006 1151 1039 κ.
1170 988 1264 1056 aete]

427 1083 590 1142 Decumum
617 1086 732 1157 partem
765 1083 793 1140 ei
823 1080 920 1153 dedit,
953 1080 1011 1139 sibi
1037 1097 1146 1140 novem
1168 1080 1303 1140 abstulit.

836 1181 1018 1260 [homoeotel.
1042 1204 1068 1241 κ.
1092 1175 1201 1259 ipson]

427 1289 487 1349 Sed
516 1306 606 1366 quem
639 1306 748 1365 quaero
782 1288 891 1364 optime
924 1305 1022 1347 coeam
1051 1287 1168 1346 obviam
1195 1287 1305 1347 mihist

837 1387 1050 1467 [homoeoarctl

207 1518 244 1577 ln
265 1524 327 1577 tres
354 1519 453 1575 mrtem
474 1518 574 1591 partes
601 1513 657 1571 hoc
686 1511 835 1572 canticum
862 1512 992 1570 divisum
1021 1516 1081 1571 est:
1114 1511 1147 1570 in
1168 1518 1255 1589 parte
1278 1513 1303 1588 Ι,

122 1643 171 1681 vv.
195 1626 287 1696 1-9,
322 1619 486 1695 Chrysalus
520 1617 577 1675 sibi
610 1617 675 1693 ipsc
709 1615 908 1675 laudationem
941 1615 1045 1689 habet,
1077 1616 1110 1674 in
1142 1620 1228 1692 parte
1262 1617 1303 1691 H,

120 1746 167 1786 vv.
193 1729 317 1787 10-24
349 1722 486 1799 exponit,
520 1739 579 1797 qua
607 1721 715 1778 virtute
742 1737 861 1778 serrum
888 1720 968 1794 frugi
995 1736 1062 1778 esse
1084 1719 1231 1795 postulet,
1269 1722 1304 1779 in

120 1832 176 1890 III.
199 1834 282 1906 parte
306 1847 353 1886 vv.
378 1827 504 1887 25—29
530 1824 569 1883 ad
590 1825 685 1901 ipsam
707 1824 823 1882 fabulae
844 1823 991 1882 actionem
1018 1822 1103 1882 redit.
1146 1821 1248 1900 Atque
1269 1825 1304 1883 in

119 1935 215 2012 prima
236 1938 319 2009 parte
347 1937 408 1992 tres
430 1927 571 1989 trochaici
593 1927 735 1987 octonarii
762 1927 985 2004 conspiciuntur
1013 1945 1066 2003 pro
1087 1926 1164 2001 basi,
1186 1927 1221 1986 in
1243 1948 1304 2006 qua

119 2056 224 2097 versus
246 2041 293 2096 ter
315 2035 379 2096 bini
394 2032 524 2094 extincti
539 2036 610 2092 srmt
631 2032 712 2091 hunc
733 2032 766 2090 in
780 2031 901 2090 modum
922 2031 1000 2091 inter
1022 2049 1055 2090 se
1071 2032 1302 2108 respondentes:

134 2208 165 2274 4.
188 2204 216 2271 5.
273 2203 300 2269 6.
325 2202 353 2267 7.
410 2199 438 2267 8.
461 2198 490 2267 9.
530 2205 663 2265 Alterius
685 2205 777 2282 partis
800 2206 877 2265 hano
899 2208 1025 2281 figuram
1047 2205 1189 2282 adgnovi:

152 2272 470 2346 υ

114 2420 1175 2559 r10-11·11ffl1111⁵-1⁶·121Q
1215 2427 1307 2538 etr

205 2648 366 2708 Conficitur
395 2648 585 2725 soliloquium
612 2648 745 2725 quinque
774 2650 909 2710 versibus
938 2649 1055 2709 creticis
1084 2650 1174 2711 olaus.
1197 2653 1301 2728 trocla,

118 2770 243 2829 querum
265 2757 326 2811 tres
348 2753 461 2830 priores
483 2753 686 2831 homoeoptoto
709 2759 740 2814 et
760 2754 913 2831 polyptoto
936 2776 961 2812 7.
977 2751 1056 2825 τέλος
1079 2777 1102 2814 τ.
1125 2776 1150 2812 κ.
1172 2755 1252 2814 inter
1267 2775 1302 2816 se

203 2925 244 2974 22.
264 2925 305 2973 23.
325 2919 458 2973 bacctiec.
472 2921 590 2975 catalect.
608 2919 776 2973 Bitsclrele'cs
793 2918 954 2988 descripsit:
972 2919 1055 2972 iacob.
1074 2936 1191 2973 7777777..
1209 2920 1301 2975 debeo.

120 3007 242 3060 Ceterum
259 3007 427 3061 Hermannus
444 3006 519 3060 elem.
538 3025 563 3076 p.
582 3012 632 3060 220
645 3023 683 3075 sq.
703 3008 729 3059 et
746 3022 837 3059 mrsus
859 3007 888 3058 in
905 3006 1020 3059 editione
1042 3023 1108 3075 quos
1131 3006 1197 3061 alios
1214 3009 1301 3062 versi-

121 3093 195 3147 culos
213 3094 360 3162 descripsit,
378 3092 431 3148 non¹
448 3111 539 3149 omnes
556 3095 679 3149 adferam.
714 3093 772 3147 Nec
789 3093 877 3147 nunus
900 3093 1098 3147 Studemnndus
1121 3094 1154 3146 de
1172 3095 1240 3148 cant.
1260 3094 1301 3149 Pl.

121 3198 144 3248 p.
164 3186 197 3234 20
216 3181 316 3234 codicis
333 3180 356 3233 B
375 3181 577 3249 descriptionem
595 3183 714 3235 sanctam
731 3179 832 3234 habens
849 3179 915 3234 alios
933 3180 1061 3248 quosdam
1078 3194 1173 3233 versus
1189 3179 1301 3251 indaga-

119 3267 166 3319 vit.
189 3267 320 3320 Vorsuum
338 3267 415 3322 initia
432 3268 459 3320 in
477 3268 500 3320 B
518 3269 583 3322 haec
601 3270 674 3321 sunt:
694 3267 772 3320 Hune
790 3297 824 3304 -
841 3266 912 3320 Nam
930 3297 963 3305 -
980 3265 1248 3320 Erum—Callidum
1267 3298 1300 3306 -

120 3352 240 3421 Compuli
258 3384 291 3393 —-
309 3353 387 3407 Nunc
406 3386 436 3393 —
456 3354 553 3424 Regias
571 3385 605 3392 —-
622 3354 680 3407 Nou
694 3352 760 3406 mihi
779 3383 811 3391 —
831 3353 882 3418 Qui
900 3353 965 3407 duas
984 3384 1017 3391 -
1028 3352 1149 3422 Nequius
1161 3383 1195 3391 —-
1206 3352 1301 3407 Multi-

119 3444 210 3508 potens
230 3470 259 3477 -
279 3439 428 3493 Nullus-
446 3440 505 3493 Nisi
525 3440 570 3509 qui
587 3469 621 3478 —
638 3440 770 3507 [mprobis
788 3456 850 3493 eum
867 3439 1002 3508 improbus
1021 3469 1052 3478 —
1071 3438 1247 3507 Versipellcm
1266 3472 1300 3480 —

118 3526 215 3579 Pectus
233 3556 266 3564 -
284 3526 323 3580 Ut
340 3543 520 3595 quaecumque
538 3526 640 3580 —Sed
662 3526 736 3579 lubet
753 3555 786 3564 -
804 3525 926 3594 Dempsit
942 3555 977 3567 -
994 3524 1022 3578 Si
1044 3525 1139 3595 frugist
1162 3555 1196 3563 -
1218 3525 1300 3580 Deci·

118 3629 189 3667 mam
207 3644 240 3650 -
258 3612 310 3666 see
328 3630 414 3682 quem.

203 3698 276 3754 Pers.
296 3705 345 3753 778
358 3715 414 3767 sqq.
437 3699 583 3752 trochaicos
605 3698 712 3752 Reizius
735 3698 881 3766 descripsit.
899 3697 1062 3752 Ritsehelius
1084 3697 1146 3751 inde
1167 3713 1226 3752 av.
1248 3703 1299 3752 778

117 3801 201 3854 usque
220 3786 289 3840 adr.
309 3791 359 3838 784
371 3785 558 3854 anapaestieos,
579 3790 696 3838 785-87
709 3785 857 3838 trochaicos
868 3785 965 3852 posuit,
984 3789 1102 3837 785-87
1115 3785 1299 3853 anapaestieos

118 3871 302 3940 disposuerunt
319 3871 463 3925 Muellerus
480 3871 520 3925 Pl.
539 3872 610 3925 Pros.
630 3888 662 3949 p„
674 3876 731 3939 111,
755 3870 910 3940 Spengelius
931 3871 988 3926 Ref.
1007 3889 1031 3940 p.
1053 3875 1110 3925 158.
1129 3875 1170 3923 59.
1201 3875 1253 3924 785
1271 3878 1299 3926 ct

119 3962 168 4010 786
186 3958 365 4026 anapaestieos
383 3958 497 4029 adgnovi
509 3959 693 4012 homoeoareto
711 3957 848 4011 adductus.
867 3975 892 4010 v.
907 3962 957 4010 784
974 3958 1040 4012 haee
1053 3957 1128 4024 libri,
1144 3957 1211 4011 haee
1229 3957 1298 4013 haec

117 4043 228 4112 scripsi,
254 4048 285 4096 ct
306 4061 414 4098 cereum
438 4044 576 4098 7777771777.
600 4060 729 4112 caperem.
760 4061 786 4097 v.
811 4048 868 4097 785.
892 4043 960 4109 Quia
982 4045 1008 4097 ei
1024 4045 1104 4097 fidem
1122 4042 1201 4111 titre
1228 4043 1299 4108 Quia

117 4130 198 4183 tidem
215 4131 240 4184 ei
257 4130 381 4200 reciaco,
401 4131 525 4200 Bottius,
545 4130 729 4198 Hermotimus,
748 4129 922 4184 Bitsctcliecs.
960 4135 1017 4184 786.
1035 4132 1114 4199 atque
1131 4129 1159 4182 in
1171 4131 1298 4198 conpedis

119 4214 201 4280 tibri5
228 4217 256 4269 in
275 4218 399 4286 conpedis
417 4217 546 4287 17777777,
572 4216 756 4271 Flectee'scccs
773 4216 900 4285 77711,
927 4233 952 4285 p.
975 4222 1020 4272 90.
1047 4233 1079 4271 ae
1097 4216 1223 4285 conpedis
1244 4216 1297 4271 Be-

118 4302 200 4357 tirius.
