2858 5010
609 243 823 307 ..30-

122 419 244 494 sanguis
276 418 453 478 domesticos
484 422 515 477 et
548 419 662 477 voltum
699 417 830 495 parentis
862 416 1004 494 aspersit3
1044 417 1220 493 Sulpicio
1253 420 1308 496 qui

120 522 208 599 paulo
229 525 299 581 ente
321 521 419 581 omnia
441 521 656 593 oonoedebent,
692 539 762 581 eum
783 520 868 580 brevi
890 519 984 597 spatio
1012 537 1073 579 non
1093 521 1182 580 modo
1203 521 1308 581 vivere

121 624 174 684 sed
196 625 286 684 etiem
307 624 429 701 sepeliri
450 623 682 700 prohibuerunt)
727 625 826 701 Atque
850 624 908 683 hoe
931 624 1105 700 exemplum
1128 621 1204 683 κατὰ
1226 627 1307 685 κῶλα

119 732 216 803 extat,
248 728 320 802 alio,
348 727 429 805 quod
450 733 497 788 est
520 720 594 787 κατὰ
617 723 706 805 μέρος
729 721 832 806 λόγου,
867 726 962 787 utitur
983 744 1070 785 anon.
1093 747 1123 784 π.
1153 743 1195 804 σγ.
1217 726 1306 803 VIH,

119 848 148 907 p.
166 831 236 905 709,
260 833 316 891 13:
346 827 480 903 ιἐκείνων
496 827 583 908 έσμὲν
598 827 650 889 καὶ
671 825 756 910 γένος
779 828 831 889 καὶ
845 825 980 906 μαθηταὶ
1002 821 1056 899 οὓς
1079 822 1183 900 στύλος
1210 824 1307 908 πυρὸς

119 929 170 991 καὶ
194 930 301 1011 νεφέλη
316 925 467 1014 ὦδήγοον·
490 928 625 993 ἐνταῦθα
645 924 705 1013 γὰρ
722 925 781 993 ἀπὸ
797 926 934 1003 πτώσεως
955 934 1008 1009 τῆς
1029 934 1149 1012 γενικῆς
1164 931 1206 1004 εἰς
1228 935 1305 991 πτῶ-

119 1051 167 1095 σιν
182 1029 346 1113 αἰτιατικὴν
364 1033 552 1114 μετηνέχθη]

206 1135 257 1216 (2.)
279 1138 325 1199 De
346 1139 441 1199 altero
461 1158 589 1217 genere,
623 1140 702 1217 quod
724 1139 860 1199 consistit
886 1139 921 1197 ιἰι
950 1137 1081 1197 easdam
1102 1138 1238 1198 mininis
1258 1157 1306 1198 αα
1411 1148 1415 1153 “

120 1259 213 1300 suma
233 1242 411 1317 variatione,
441 1248 560 1305 veteres
583 1243 679 1303 fusius
702 1242 939 1319 disputaverant.
983 1240 1129 1303 Nonnulli
1158 1260 1227 1302 vero
1249 1242 1307 1302 hoe

119 1349 235 1404 untrim
267 1364 365 1423 genus
392 1348 604 1423 probavemnt,
637 1351 672 1406 ut
694 1345 830 1406 Zoneeus
858 1364 886 1422 p.
911 1348 987 1419 686,
1010 1349 1038 1423 4,
1058 1344 1119 1405 W.:
1154 1366 1194 1419 ,π
1217 1342 1307 1415 ἐστιν,

119 1439 191 1507 ὃταν
214 1441 230 1509 ὃ
252 1443 370 1520 αὐτὸς
393 1443 504 1528 λόγος
526 1453 642 1511 πολλῶν
664 1443 804 1509 πτώσεων
827 1442 1099 1525 ἆντιλαμβοὶνηται’.

205 1552 403 1628 Duae¹Igitur
424 1558 579 1631 praeterea
601 1553 732 1613 rationes
754 1558 833 1613 sunt.
877 1553 976 1630 Atque
998 1570 1065 1628 una,
1089 1548 1136 1627 (a.)
1152 1544 1305 1610 πολύτιτο-

119 1674 171 1714 τον
193 1652 283 1714 κατὰ
307 1652 420 1734 μέρος
442 1651 573 1737 λόγου,
600 1659 647 1731 fit,
676 1655 815 1734 quotiens
838 1656 958 1731 singula
979 1656 1031 1715 rel
1052 1655 1139 1732 plura
1160 1655 1306 1715 Verbeia

118 1776 182 1817 κιια
210 1765 297 1836 atque
317 1759 417 1818 οαάωκ
438 1761 584 1820 sententio
605 1777 692 1820 easus
715 1760 838 1819 variant.
882 1759 981 1819 Aliam
1010 1758 1133 1836 quidem
1158 1758 1305 1817 rationem

118 1878 179 1921 non
201 1864 376 1939 cognovisse
398 1863 539 1925 videntur
563 1862 716 1924 Charisius
737 1881 766 1941 p.
782 1865 853 1936 282,
879 1865 936 1938 14,
958 1861 1092 1921 Donatus
1113 1879 1142 1937 p.
1159 1863 1230 1935 398,
1253 1864 1304 1937 27,

118 1962 279 2043 Pompeius
300 1986 328 2044 p.
354 1970 425 2039 304,
451 1971 506 2044 12;
530 1966 672 2027 Claudius
695 1966 759 2027 Sao.
782 1985 810 2043 p.
833 1966 906 2039 455,
928 1968 979 2039 22,
1001 1964 1053 2042 qui
1075 1968 1106 2025 et
1127 1963 1303 2025 definitione
1361 1970 1364 1975 '

118 2071 149 2126 et
173 2070 313 2146 exemplo
335 2089 376 2131 ex
396 2070 532 2147 Vergilio
554 2071 682 2149 repetito
704 2069 904 2143 consentiunt,
926 2069 1001 2128 Aen.
1026 2071 1087 2129 628
1104 2085 1164 2146 sq.:

174 2238 177 2243 ⁸
247 2173 357 2246 ,liltore
378 2170 515 2233 litoribus
536 2173 691 2248 contrarie,
713 2172 855 2232 fluetibus
877 2170 974 2230 undas

247 2275 406 2353 Impreoor,
428 2294 509 2335 erma
530 2276 638 2337 ermis:
660 2280 799 2353 pugnent
820 2275 939 2352 ipsique
961 2269 1197 2350 nepotesque.'.1)

204 2377 253 2454 (b.)
274 2379 376 2439 Altera
396 2380 470 2438 ratio
493 2383 539 2439 est
561 2371 752 2439 πολύπτωτον
774 2374 870 2437 κατὰ
890 2380 1000 2453 affatum
1034 2376 1135 2436 Herm.
1158 2397 1189 2436 π.
1213 2373 1251 2436 to.
1275 2368 1302 2433 α’

117 2498 145 2556 p.
170 2484 241 2556 288,
266 2486 320 2542 17;
344 2480 394 2556 ιἔτι
416 2475 543 2553 κάλλους
566 2479 645 2542 ἴδιον
667 2479 718 2541 καὶ
732 2479 766 2541 τὸ
786 2474 980 2541 πολύπτωτον
996 2473 1181 2555 καλούμενον
1196 2480 1302 2555 σχῆμα,

118 2582 150 2642 εἰ
178 2577 269 2643 κατὰ
291 2587 410 2645 κῶλον
432 2581 660 2665 έκφέροιτο’.
703 2585 744 2644 Ut
765 2601 932 2660 anonymus
955 2604 984 2641 π.
1007 2568 1050 2660 σγ.Ι
1071 2582 1157 2656 VIII,
1179 2600 1207 2658 p.
1232 2583 1303 2654 646,

119 2688 167 2746 21.
183 2687 229 2745 W.
257 2688 309 2765 qui
331 2707 369 2748 ex
391 2688 581 2765 Hermogene
602 2689 724 2766 pendet,
748 2721 790 2729 —
812 2688 878 2765 ipse
899 2686 1020 2765 quidem
1049 2691 1083 2745 ut
1104 2683 1302 2760 Hermogenis

116 2790 289 2851 methodum
311 2792 486 2868 explanaret
508 2792 566 2852 sibi
587 2793 772 2870 propositum
793 2810 859 2852 esse
880 2791 990 2850 fatetur
1011 2807 1039 2865 p.
1057 2792 1128 2863 617,
1153 2791 1191 2855 12
1210 2820 1250 2831 -
1266 2787 1300 2845 in

117 2892 290 2954 definitione
313 2912 367 2954 sua
388 2887 407 2973 ἢ
431 2888 519 2955 arto
542 2892 653 2975 γένος
676 2896 813 2956 uideret:
844 2896 896 2967 ,Π.
920 2887 1006 2953 δὲτὸ
1034 2894 1087 2951 τοῦ
1116 2884 1209 2950 αὐτοῦ
1233 2883 1300 2950 ὀνό-

117 3017 207 3073 ματος
228 2989 248 3074 ἢ
272 3000 324 3075 τῆς
353 2979 445 3076 αὐτέης
473 2991 661 3077 ἆντωναμίας
691 2993 765 3059 κοιτοὶ
794 3000 889 3056 κῶλον
919 2989 1012 3072 ἄλλην
1033 2997 1144 3053 πτῶσιν
1170 2985 1191 3071 ἢ
1213 2986 1301 3052 ἄλλο

116 3094 224 3177 γένος
240 3096 442 3178 ἐκφέρεσθαιζ
457 3101 603 3162 adductus
618 3120 685 3163 esse
700 3101 819 3161 videtin
829 3100 1036 3178 Hermogenes
1045 3098 1142 3176 priore
1154 3096 1302 3173 example,

116 3203 201 3261 ouius
223 3202 286 3262 vim
307 3221 368 3264 non
389 3211 470 3266 recte
492 3206 652 3267 intellexit.
696 3205 774 3266 Nam
788 3204 874 3265 Dem.
897 3224 928 3264 π.
952 3220 1033 3276 στεφ.
1055 3202 1096 3260 in.
1118 3219 1147 3277 p.
1163 3203 1234 3260 291.
1250 3199 1301 3258 R.:

117 3308 157 3379 ,Α
167 3298 231 3382 ῧτη
262 3309 320 3365 τῶν
342 3306 410 3388 περὶ
445 3302 549 3387 Θήβας
577 3306 691 3389 ἐγένετο
725 3306 908 3388 πραγμάτων
936 3296 1005 3384 ἆρχν
1043 3301 1095 3364 καὶ
1124 3296 1302 3373 κατάστασις

115 3400 231 3487 πρώτη,
264 3396 307 3468 τοι
330 3407 403 3491 πρὸ
424 3406 570 3472 τούτων
598 3411 640 3484 εἰς
669 3410 781 3491 έγθραν
815 3407 867 3470 καὶ
884 3398 981 3487 Ιμῖσος
1009 3404 1062 3467 καὶ
1084 3400 1222 3466 ἀπιστίαν
1244 3408 1301 3464 τῶν

115 3504 230 3571 πόλεων
245 3505 423 3593 ὑπηγμένων
442 3508 501 3576 ὑπὸ
511 3508 632 3575 τούτων.
642 3512 665 3594 ²)
682 3517 792 3575 τοῦτο
812 3507 849 3575 τὸ
862 3507 1005 3592 ψήφισμα
1020 3503 1074 3572 τὸν
1088 3503 1152 3571 τότε
1167 3511 1203 3593 τη
1219 3501 1301 3568 πόλει

204 3644 228 3714 1)
246 3644 388 3715 Pompeius
406 3662 515 3701 versum
532 3647 647 3715 prlorem
664 3648 768 3701 tantum
786 3646 877 3701 adfert.

201 3730 228 3800 2)
247 3731 323 3797 Quod
340 3733 410 3802 apud
432 3733 625 3802 Hermogenem
646 3733 728 3788 verbe
743 3733 806 3786 inde
829 3748 845 3787 a
867 3730 902 3785 τὰ
927 3728 982 3798 πρὸ
1001 3750 1024 3783 τ.
1042 3744 1127 3797 usque
1149 3727 1183 3783 ed
1202 3725 1257 3781 ὑπὸ
1276 3746 1299 3779 τ.

115 3816 211 3871 desunt
232 3817 261 3871 in
279 3818 414 3873 oodioibus
431 3818 598 3874 librariorum
620 3818 786 3889 neglegentia
808 3818 907 3872 laetum
929 3831 988 3869 esse
1009 3814 1122 3870 videtin.
1160 3814 1230 3870 Nam
1253 3828 1299 3866 ex·

114 3901 243 3973 emplum,
274 3906 495 3974 quemadmodum
521 3905 670 3958 exhibitum
697 3907 748 3973 est,
776 3903 849 3957 nullo
873 3903 951 3957 modo
976 3903 1088 3970 quadrat
1119 3901 1152 3955 ad
1179 3899 1300 3969 polypto-

114 3990 172 4057 ton,
200 3990 232 4043 de
256 4007 315 4059 quo,
344 3991 415 4060 quod
437 3990 616 4061 Hermogenes
629 3991 768 4060 cogitavit,
796 3990 848 4045 elio
860 3988 982 4059 exemplo
1001 3990 1112 4057 constat,
1131 4006 1160 4041 π,
1174 4005 1299 4054 παραπρ.

115 4092 139 4143 p.
164 4080 214 4129 436
241 4079 307 4132 ext:
338 4070 443 4148 ,οὗτοι
468 4075 521 4147 γὰρ
553 4074 700 4147 ἡγοῦνται,
733 4074 870 4142 τούτοις
900 4078 1048 4130 πείθεσθε·
1075 4071 1141 4129 ὑπὸ
1169 4069 1300 4127 τούτων

116 4160 180 4226 δέος
198 4160 254 4217 έστι
272 4160 309 4234 μὴ
329 4162 579 4234 παρακροασθῆτεζ
615 4163 673 4217 Ησο
691 4165 780 4219 autem
798 4161 919 4231 exemplo
936 4159 1123 4215 Demosthenei
1142 4162 1169 4211 et
1187 4158 1299 4211 Hermo-

25 4324 37 4335 .
115 4249 193 4317 genei
212 4250 316 4303 oodioes
333 4249 368 4305 ad
385 4250 497 4305 verbum
514 4250 685 4305 conveniunt
731 4292 736 4301 .
