2858 5010
613 328 864 411 .-το-

231 558 234 563 ,
252 506 341 582 Apud
354 506 503 565 Romanos
518 522 617 583 neque
633 505 829 584 parecheseos
843 522 942 583 neque
956 502 1039 564 aliud
1053 504 1132 582 quod
1152 504 1235 564 idem
1256 505 1355 580 signi-

165 611 249 685 ficet,
277 627 388 671 nomen
416 608 583 687 invenitur3
616 627 664 681 res¹
691 614 792 669 autem
820 608 899 685 apud
927 608 1145 683 Quintilianum
1172 626 1229 669 nec
1249 607 1356 669 minus

93 714 97 721 '
165 712 246 791 apud
256 712 434 774 Diomedem
449 717 551 773 extat.
574 711 752 786 Quintiliani
766 717 866 775 autem
880 711 1042 786 ‘similium’
1064 711 1192 789 primam
1203 712 1356 780 rationem

166 815 219 891 IX,
244 818 272 890 3,
297 819 346 891 76,
360 835 396 895 p.
422 819 493 890 163,
509 819 542 890 9,
570 816 718 893 ,ηυοτίοοο
748 817 872 875 verbum
894 816 985 876 verbo
1012 832 1073 876 non
1095 815 1241 877 dissimile
1262 815 1354 875 valde

166 919 337 997 quaeritur’,
360 924 394 979 ut
416 936 600 997 ‘puppesque
622 923 691 979 tuae
711 919 866 996 pubesque
883 918 1010 978 tuorum’
1032 918 1207 996 parechesin
1222 936 1353 995 aequare

166 1028 402 1083 consentaneum
425 1027 478 1083 est.
516 1022 652 1099 Itemque
674 1021 828 1083 Diomedis
850 1020 1038 1099 ‘perhomoei’
1061 1020 1180 1082 alteram
1204 1021 1355 1082 rationem

166 1144 194 1203 p.
210 1129 283 1201 446,
300 1129 350 1200 30,
372 1144 451 1198 ‘cum
472 1127 564 1186 verba
585 1125 634 1185 vel
656 1125 777 1185 nomina
799 1125 955 1202 paululum
968 1126 1081 1185 inflexa
1098 1130 1243 1186 ettamen
1258 1144 1353 1202 prope

166 1228 277 1289 similia
298 1229 499 1306 superioribus
520 1228 709 1303 inferuntir',
731 1229 769 1288 ad
783 1229 962 1306 paraenesin
983 1229 1093 1289 referre
1116 1228 1195 1289 licet
1221 1281 1226 1290 .

254 1398 306 1477 (II)
334 1401 567 1476 Ρονουονασοίο,
600 1420 669 1461 oum
702 1401 805 1460 multis
833 1400 944 1476 modis,
971 1405 1036 1459 tum
1066 1400 1122 1463 hae
1148 1418 1181 1461 re
1212 1399 1313 1459 differt
1335 1419 1354 1458 a

166 1505 330 1584 parochesi‚
353 1504 432 1583 quod
448 1505 523 1565 haec
537 1504 658 1582 qrridem
681 1503 744 1563 sola
758 1504 926 1565 continetur
939 1503 1011 1579 lexi,
1033 1503 1236 1580 paronomasia
1249 1507 1354 1562 antem

166 1627 227 1668 non
249 1610 349 1668 minus
371 1608 513 1668 dianoeae
536 1612 582 1668 est
602 1625 692 1686 quarn
706 1608 818 1667 lexeos.
855 1608 953 1685 Atque
968 1608 1064 1683 figura
1077 1606 1180 1667 lexeos
1195 1611 1250 1683 est,
1272 1607 1354 1684 qnod

167 1712 199 1771 in
221 1714 380 1772 verborum
401 1711 600 1797 similitudine
622 1711 763 1786 cernitar,
785 1711 927 1771 dianoeae
947 1714 1055 1785 autern,
1078 1709 1157 1788 quod
1172 1696 1364 1785 adargutias.

167 1815 329 1876 movendas
351 1815 440 1874 valet.
486 1814 694 1892 Hermogenes
716 1813 837 1891 quidem
858 1832 927 1873 oum
948 1810 1016 1892 περὶ
1039 1806 1215 1893 δριμύτητος
1236 1813 1353 1890 quaerit

165 1939 196 1976 π.
214 1915 253 1977 ίδ.
269 1910 307 1994 β’.
329 1936 358 1994 p.
375 1920 447 1992 323,
466 1921 523 1978 12;
547 1913 646 1990 ἕτερον
669 1912 702 1976 δὲ
724 1910 806 1995 παρὰ
829 1910 939 1994 ταύτην
961 1912 1015 1994 την
1031 1908 1202 1995 δριμύτητα,
1225 1912 1282 1975 εἴτε
1299 1912 1353 1973 καὶ

167 2013 302 2098 ὀξύτητα,
326 2013 502 2099 δριμύτητός
530 2014 608 2079 ἐστιν
631 2012 719 2091 είδος,
742 2016 810 2099 περὶ
833 2005 868 2078 οὗ
892 2014 1029 2098 δυσχερὲς
1051 2012 1281 2098 ἀποφήνασθαι,
1305 2010 1353 2077 ὅτι

168 2120 237 2203 περὶ
259 2119 336 2195 λέξιν
361 2116 382 2201 ἤ
403 2120 472 2202 περί
494 2120 614 2183 ἔννοιαν
636 2122 763 2204 γίνεται,
794 2116 862 2181 odae
888 2116 945 2203 γὰρ
975 2115 1013 2194 ὦς
1036 2120 1113 2182 ἔστιν
1136 2119 1251 2192 ἔννοια,
1274 2114 1347 2180 οὔθ’

166 2219 206 2297 ὧς
228 2219 285 2285 οὐκ
307 2223 386 2286 ἔστιν
408 2219 540 2300 ιἰσφαλὲς
563 2225 674 2287 εἰπεῖν·
704 2220 778 2285 κατύ
810 2222 887 2298 λε’ξιν
916 2221 971 2304 μὲν
997 2221 1054 2307 γὰρ
1078 2229 1245 2304 θεωρεῖται.
1274 2217 1352 2307 ἡδὲ

165 2325 241 2401 λέξις
263 2322 338 2407 αύτη
362 2323 435 2388 καθ’
463 2323 572 2407 ἕαυτην
594 2322 613 2407 ἡ
635 2331 765 2388 ποιοῦσα
787 2321 841 2408 τὴν
858 2321 1017 2409 δριμύτητα
1033 2321 1125 2389 οὐδὲν
1139 2325 1195 2407 ἔχει
1210 2318 1350 2408 δριμύτη-

165 2452 224 2505 τος,
248 2431 275 2492 εί
296 2411 349 2510 της
372 2429 490 2503 ἐννοίας
513 2425 607 2510 αὐτὴν
629 2430 762 2512 χωρίσειὲ
782 2453 841 2506 τις,
873 2429 942 2512 περὶ
965 2424 1005 2511 ἣν
1026 2431 1146 2514 γίνεται,
1169 2423 1188 2508 ἢ
1211 2429 1269 2490 τῶν
1291 2422 1350 2509 πρὸ

166 2528 258 2614 αὐτῆς
270 2531 435 2615 ῥηθέντων.
452 2531 485 2594 ἔν
497 2531 529 2594 δὲ
540 2539 605 2606 ταῖς
617 2528 717 2606 ίίλλαις
733 2533 827 2608 ἰδέαις
837 2538 923 2596 τούτο
939 2528 996 2596 ούκ
1011 2533 1089 2595 ἔστιν
1104 2537 1163 2595 κτλ.
1186 2552 1214 2613 p.
1228 2536 1300 2609 324,
1316 2539 1351 2594 1:

165 2631 185 2716 ἡ
209 2634 241 2699 δὲ
264 2641 315 2717 τῆς
338 2632 514 2718 δριμύτητος
536 2635 652 2711 λέξις..
668 2684 695 2699 ..
711 2633 832 2699 ίννοιοίν
854 2660 919 2698 τινα
940 2637 1141 2717 σημαίνουσα,
1163 2623 1200 2716 ἧς
1215 2628 1272 2697 ούκ
1290 2633 1352 2701 ἔστι

165 2740 266 2821 κυρία,
289 2734 309 2820 η’
331 2757 405 2801 τισιν
429 2735 526 2812 ἅλλοις
542 2737 712 2821 ἐφεπομένη
728 2736 803 2802 κατοί
819 2764 885 2803 τινα
901 2740 996 2802 οἱονεὶ
1007 2720 1213 2821 χαριεντισμὸν
1236 2738 1351 2820 γίνεται

167 2843 285 2924 δριμεῖα
306 2843 363 2935 καί
379 2849 450 2905 ποεῖ
468 2846 522 2923 τὴν
545 2838 724 2925 δριμύτητα.
758 2847 901 2908 Discerne
916 2846 1008 2924 igitur
1022 2846 1102 2907 inter
1115 2844 1352 2924 paronomasiam

166 2939 240 3008 κατὰ
263 2941 400 3007 διάνοιαν
422 2952 454 3009 et
475 2943 550 3007 κατὰ
571 2945 662 3021 λέξιν,
691 2954 781 3028 atque
800 2951 838 3010 ad
859 2951 944 3011 illam
963 2951 1048 3013 traho
1070 2968 1106 3012 ea
1127 2969 1252 3027 genera,
1273 2969 1352 3028 quae

167 3053 230 3112 sola
255 3051 289 3111 in
310 3051 435 3113 dianoea
454 3054 550 3130 posita
562 3059 641 3113 sunt
662 3053 899 3132 (Hermogeneae
923 3048 1098 3134 δριμύτητος
1120 3055 1236 3133 species
1254 3054 1352 3132 prima

167 3160 198 3215 et
220 3151 327 3232 tertia),
350 3155 388 3214 ad
408 3156 486 3217 hanc
507 3162 608 3218 autem
629 3157 661 3216 id
683 3176 787 3234 genus,
809 3158 888 3236 quod
902 3159 1027 3236 argutiis
1048 3177 1109 3218 non
1127 3157 1245 3218 omissis
1266 3176 1351 3235 prae·

167 3259 255 3337 cipue
277 3259 316 3318 ad
338 3250 536 3331 elocutionem
558 3261 761 3322 exornandam
782 3263 863 3322 valet
878 3261 1086 3339 (Hermogenis
1108 3260 1225 3339 species
1247 3261 1350 3336 altera,

167 3380 243 3441 quae
265 3368 311 3423 est
333 3356 406 3421 κατ’
432 3356 590 3443 ὁμοιότητα
611 3361 733 3442 λέξεως).
742 3360 764 3443 1)

253 3466 485 3528 Ρονοκονιοολοο
514 3463 605 3528 nard
634 3460 812 3529 διάνοιαν
839 3487 934 3546 panus
962 3468 1102 3546 μικοιιιινι
1129 3471 1178 3544 fit,
1211 3469 1350 3548 quotiens

167 3570 310 3630 vocabulo
332 3571 431 3650 aliquo
452 3572 487 3630 in
500 3590 533 3632 re
546 3572 651 3650 posito,
673 3546 732 3650 qna
745 3571 879 3633 adhiberi
899 3590 960 3633 non
975 3572 1058 3647 solet,
1079 3573 1213 3649 argutiae
1227 3592 1350 3634 moven-

166 3678 229 3750 tur;
264 3675 348 3734 velut
380 3675 406 3734 si
439 3674 608 3753 Xenophon
636 3674 751 3751 Cyneg.
778 3662 840 3751 ΠΙ,
866 3679 884 3737 8
919 3676 957 3737 de
989 3676 1210 3755 philanthropia
1241 3695 1350 3737 canum

167 3783 317 3837 memorat.
332 3777 433 3838 Herm.
447 3797 476 3856 p.
497 3781 568 3853 324,
586 3781 641 3838 10:
663 3780 724 3855 ,τὴν
739 3775 795 3858 γὰρ
811 3770 885 3857 πρὸς
900 3773 968 3850 τοὺς
983 3772 1166 3859 ἀνθρώπους
1182 3773 1350 3857 συνήθειαν

255 3994 279 4063 1)
298 3994 473 4066 Hermogenis
491 3995 607 4064 speciem
619 3998 747 4066 quartam,
765 4013 833 4067 quae
845 3999 934 4065 tropos
945 3997 1098 4053 audaciores
1116 3998 1228 4068 attingit,
1241 4013 1349 4069 respuo:

168 4097 192 4149 p.
206 4085 293 4148 327,1
315 4081 433 4150 ,Λοιπὸν
452 4079 526 4146 εἶδος
544 4081 710 4153 δριμύτητος
730 4123 735 4134 .
750 4124 755 4136 .
769 4094 782 4137 .“
794 4085 905 4154 γίνεται,
927 4081 994 4139 ὅταν
1006 4088 1096 4157 τροπῇ
1115 4104 1169 4139 τινι
1180 4084 1350 4156 χρησάμενοι

166 4165 204 4236 μὴ
224 4163 340 4241 σφύδριζι
358 4165 483 4243 αύστηρᾷ
499 4165 570 4239 μηδὲ
595 4173 699 4245 σκληρᾷ
716 4169 777 4224 κατ’
799 4169 974 4225 ἀκολουθίαν
996 4167 1102 4239 ἐκείνης
1122 4168 1219 4241 ἑτέραν
1241 4169 1350 4243 ἐπενέγ-

166 4272 257 4319 νωμεν
274 4252 383 4323 τροπὴν
401 4253 586 4327 σκληροτέραν
604 4251 662 4324 μὲν,
683 4254 717 4311 ού
729 4254 784 4326 μὴν
803 4251 948 4313 δοκοῦσαν
965 4276 995 4326 γε
1013 4253 1085 4312 εἶναι
1101 4256 1233 4327 τοιαύτην
1252 4258 1350 4315 διὰτὸ

143 4330 316 4389 autonomon
332 4342 387 4393 τοῦ
402 4338 631 4413 προειμημενεια.
